{"op":"mcm","clk":"7685966025","pt":1539353122523,"mc":[{"id":"1.149483286","marketDefinition":{"bspMarket":false,"turnInPlayEnabled":true,"persistenceEnabled":true,"marketBaseRate":5.0,"eventId":"28952972","eventTypeId":"2","numberOfWinners":1,"bettingType":"ODDS","marketType":"MATCH_ODDS","marketTime":"2018-10-13T12:00:00.000Z","suspendTime":"2018-10-13T12:00:00.000Z","bspReconciled":false,"complete":true,"inPlay":false,"crossMatching":true,"runnersVoidable":false,"numberOfActiveRunners":2,"betDelay":0,"status":"OPEN","runners":[{"status":"ACTIVE","sortPriority":1,"id":2251402,"name":"Roger Federer"},{"status":"ACTIVE","sortPriority":2,"id":7446579,"name":"Borna Coric"}],"regulators":["MR_INT"],"countryCode":"CN","discountAllowed":true,"timezone":"UTC","openDate":"2018-10-13T12:00:00.000Z","version":2450877077,"name":"Match Odds","eventName":"Federer v Coric"}}]}
{"op":"mcm","clk":"7686193828","pt":1539354867325,"mc":[{"id":"1.149483286","rc":[{"ltp":3.55,"id":7446579}]}]}
{"op":"mcm","clk":"7686201669","pt":1539354927575,"mc":[{"id":"1.149483286","rc":[{"ltp":3.9,"id":7446579},{"ltp":1.31,"id":2251402}]}]}
{"op":"mcm","clk":"7686209410","pt":1539354986294,"mc":[{"id":"1.149483286","rc":[{"ltp":1.3,"id":2251402}]}]}
{"op":"mcm","clk":"7686239800","pt":1539355220900,"mc":[{"id":"1.149483286","rc":[{"ltp":1.36,"id":2251402}]}]}
{"op":"mcm","clk":"7686244099","pt":1539355259240,"mc":[{"id":"1.149483286","rc":[{"ltp":1.37,"id":2251402}]}]}
{"op":"mcm","clk":"7686295577","pt":1539355585708,"mc":[{"id":"1.149483286","rc":[{"ltp":3.8,"id":7446579},{"ltp":1.36,"id":2251402}]}]}
{"op":"mcm","clk":"7686462705","pt":1539356951429,"mc":[{"id":"1.149483286","rc":[{"ltp":1.39,"id":2251402}]}]}
{"op":"mcm","clk":"7686812700","pt":1539359547714,"mc":[{"id":"1.149483286","rc":[{"ltp":1.38,"id":2251402}]}]}
{"op":"mcm","clk":"7687144222","pt":1539361695818,"mc":[{"id":"1.149483286","rc":[{"ltp":3.55,"id":7446579},{"ltp":1.39,"id":2251402}]}]}
{"op":"mcm","clk":"7687605084","pt":1539365123043,"mc":[{"id":"1.149483286","rc":[{"ltp":3.5,"id":7446579},{"ltp":1.4,"id":2251402}]}]}
{"op":"mcm","clk":"7687734232","pt":1539366018577,"mc":[{"id":"1.149483286","rc":[{"ltp":3.45,"id":7446579}]}]}
{"op":"mcm","clk":"7688169465","pt":1539369223551,"mc":[{"id":"1.149483286","rc":[{"ltp":3.55,"id":7446579}]}]}
{"op":"mcm","clk":"7688193342","pt":1539369386270,"mc":[{"id":"1.149483286","rc":[{"ltp":1.39,"id":2251402}]}]}
{"op":"mcm","clk":"7688201982","pt":1539369444123,"mc":[{"id":"1.149483286","rc":[{"ltp":3.6,"id":7446579}]}]}
{"op":"mcm","clk":"7688227452","pt":1539369619859,"mc":[{"id":"1.149483286","rc":[{"ltp":1.38,"id":2251402}]}]}
{"op":"mcm","clk":"7688304893","pt":1539370117483,"mc":[{"id":"1.149483286","rc":[{"ltp":3.55,"id":7446579}]}]}
{"op":"mcm","clk":"7688657766","pt":1539372894561,"mc":[{"id":"1.149483286","rc":[{"ltp":1.39,"id":2251402}]}]}
{"op":"mcm","clk":"7688689832","pt":1539373163471,"mc":[{"id":"1.149483286","rc":[{"ltp":3.6,"id":7446579},{"ltp":1.38,"id":2251402}]}]}
{"op":"mcm","clk":"7688779954","pt":1539373934518,"mc":[{"id":"1.149483286","rc":[{"ltp":3.7,"id":7446579},{"ltp":1.37,"id":2251402}]}]}
{"op":"mcm","clk":"7688819846","pt":1539374278630,"mc":[{"id":"1.149483286","rc":[{"ltp":1.38,"id":2251402}]}]}
{"op":"mcm","clk":"7688824057","pt":1539374336125,"mc":[{"id":"1.149483286","rc":[{"ltp":1.37,"id":2251402}]}]}
{"op":"mcm","clk":"7688869711","pt":1539374901873,"mc":[{"id":"1.149483286","rc":[{"ltp":1.36,"id":2251402}]}]}
{"op":"mcm","clk":"7688915310","pt":1539375302589,"mc":[{"id":"1.149483286","rc":[{"ltp":3.75,"id":7446579}]}]}
{"op":"mcm","clk":"7688937087","pt":1539375557599,"mc":[{"id":"1.149483286","rc":[{"ltp":1.38,"id":2251402}]}]}
{"op":"mcm","clk":"7688993987","pt":1539376167812,"mc":[{"id":"1.149483286","rc":[{"ltp":1.36,"id":2251402}]}]}
{"op":"mcm","clk":"7689002834","pt":1539376287418,"mc":[{"id":"1.149483286","rc":[{"ltp":3.8,"id":7446579}]}]}
{"op":"mcm","clk":"7689037164","pt":1539376817165,"mc":[{"id":"1.149483286","rc":[{"ltp":3.7,"id":7446579}]}]}
{"op":"mcm","clk":"7689042336","pt":1539376885768,"mc":[{"id":"1.149483286","rc":[{"ltp":1.37,"id":2251402}]}]}
{"op":"mcm","clk":"7689061270","pt":1539376994728,"mc":[{"id":"1.149483286","rc":[{"ltp":1.35,"id":2251402}]}]}
{"op":"mcm","clk":"7689080898","pt":1539377296307,"mc":[{"id":"1.149483286","rc":[{"ltp":3.75,"id":7446579},{"ltp":1.36,"id":2251402}]}]}
{"op":"mcm","clk":"7689114122","pt":1539377795541,"mc":[{"id":"1.149483286","rc":[{"ltp":1.37,"id":2251402}]}]}
{"op":"mcm","clk":"7689206161","pt":1539378761121,"mc":[{"id":"1.149483286","rc":[{"ltp":1.36,"id":2251402}]}]}
{"op":"mcm","clk":"7689346128","pt":1539380434175,"mc":[{"id":"1.149483286","rc":[{"ltp":3.7,"id":7446579},{"ltp":1.37,"id":2251402}]}]}
{"op":"mcm","clk":"7689383175","pt":1539380816604,"mc":[{"id":"1.149483286","rc":[{"ltp":1.36,"id":2251402}]}]}
{"op":"mcm","clk":"7689392121","pt":1539380954968,"mc":[{"id":"1.149483286","rc":[{"ltp":1.37,"id":2251402}]}]}
{"op":"mcm","clk":"7689407320","pt":1539381185706,"mc":[{"id":"1.149483286","rc":[{"ltp":1.36,"id":2251402}]}]}
{"op":"mcm","clk":"7689434458","pt":1539381437382,"mc":[{"id":"1.149483286","rc":[{"ltp":1.37,"id":2251402}]}]}
{"op":"mcm","clk":"7689443186","pt":1539381567612,"mc":[{"id":"1.149483286","rc":[{"ltp":1.38,"id":2251402}]}]}
{"op":"mcm","clk":"7689484221","pt":1539382160976,"mc":[{"id":"1.149483286","rc":[{"ltp":3.65,"id":7446579}]}]}
{"op":"mcm","clk":"7689516572","pt":1539382453671,"mc":[{"id":"1.149483286","rc":[{"ltp":1.37,"id":2251402}]}]}
{"op":"mcm","clk":"7689565209","pt":1539383166990,"mc":[{"id":"1.149483286","rc":[{"ltp":1.38,"id":2251402}]}]}
{"op":"mcm","clk":"7689604725","pt":1539383578327,"mc":[{"id":"1.149483286","rc":[{"ltp":1.37,"id":2251402}]}]}
{"op":"mcm","clk":"7689632457","pt":1539384011209,"mc":[{"id":"1.149483286","rc":[{"ltp":3.6,"id":7446579}]}]}
{"op":"mcm","clk":"7689754127","pt":1539385644243,"mc":[{"id":"1.149483286","rc":[{"ltp":1.38,"id":2251402}]}]}
{"op":"mcm","clk":"7689798754","pt":1539386173313,"mc":[{"id":"1.149483286","rc":[{"ltp":1.37,"id":2251402}]}]}
{"op":"mcm","clk":"7689838147","pt":1539386726986,"mc":[{"id":"1.149483286","rc":[{"ltp":1.38,"id":2251402}]}]}
{"op":"mcm","clk":"7690280162","pt":1539391549504,"mc":[{"id":"1.149483286","rc":[{"ltp":1.39,"id":2251402}]}]}
{"op":"mcm","clk":"7690372442","pt":1539392531718,"mc":[{"id":"1.149483286","rc":[{"ltp":1.38,"id":2251402}]}]}
{"op":"mcm","clk":"7690521107","pt":1539394150332,"mc":[{"id":"1.149483286","rc":[{"ltp":1.37,"id":2251402}]}]}
{"op":"mcm","clk":"7690562435","pt":1539394756873,"mc":[{"id":"1.149483286","rc":[{"ltp":3.65,"id":7446579}]}]}
{"op":"mcm","clk":"7690634526","pt":1539395632893,"mc":[{"id":"1.149483286","rc":[{"ltp":1.38,"id":2251402}]}]}
{"op":"mcm","clk":"7690647517","pt":1539395822739,"mc":[{"id":"1.149483286","rc":[{"ltp":1.39,"id":2251402}]}]}
{"op":"mcm","clk":"7690742882","pt":1539396850241,"mc":[{"id":"1.149483286","rc":[{"ltp":1.37,"id":2251402}]}]}
{"op":"mcm","clk":"7690752982","pt":1539397010752,"mc":[{"id":"1.149483286","rc":[{"ltp":1.39,"id":2251402}]}]}
{"op":"mcm","clk":"7690806283","pt":1539397645244,"mc":[{"id":"1.149483286","rc":[{"ltp":1.38,"id":2251402}]}]}
{"op":"mcm","clk":"7690816017","pt":1539397808813,"mc":[{"id":"1.149483286","rc":[{"ltp":1.39,"id":2251402}]}]}
{"op":"mcm","clk":"7690822607","pt":1539397915349,"mc":[{"id":"1.149483286","rc":[{"ltp":1.38,"id":2251402}]}]}
{"op":"mcm","clk":"7691059196","pt":1539401382041,"mc":[{"id":"1.149483286","rc":[{"ltp":1.39,"id":2251402}]}]}
{"op":"mcm","clk":"7691061984","pt":1539401448905,"mc":[{"id":"1.149483286","rc":[{"ltp":1.38,"id":2251402}]}]}
{"op":"mcm","clk":"7691085843","pt":1539401898360,"mc":[{"id":"1.149483286","rc":[{"ltp":1.39,"id":2251402}]}]}
{"op":"mcm","clk":"7691086715","pt":1539401913462,"mc":[{"id":"1.149483286","rc":[{"ltp":3.6,"id":7446579}]}]}
{"op":"mcm","clk":"7691132192","pt":1539402569041,"mc":[{"id":"1.149483286","rc":[{"ltp":1.38,"id":2251402}]}]}
{"op":"mcm","clk":"7691138544","pt":1539402682354,"mc":[{"id":"1.149483286","rc":[{"ltp":1.39,"id":2251402}]}]}
{"op":"mcm","clk":"7691217005","pt":1539403690579,"mc":[{"id":"1.149483286","rc":[{"ltp":1.38,"id":2251402}]}]}
{"op":"mcm","clk":"7691293472","pt":1539404601750,"mc":[{"id":"1.149483286","rc":[{"ltp":1.39,"id":2251402}]}]}
{"op":"mcm","clk":"7691333223","pt":1539404987605,"mc":[{"id":"1.149483286","rc":[{"ltp":1.38,"id":2251402}]}]}
{"op":"mcm","clk":"7691375221","pt":1539405497381,"mc":[{"id":"1.149483286","rc":[{"ltp":1.39,"id":2251402}]}]}
{"op":"mcm","clk":"7691407926","pt":1539405778466,"mc":[{"id":"1.149483286","rc":[{"ltp":1.38,"id":2251402}]}]}
{"op":"mcm","clk":"7691478885","pt":1539406699816,"mc":[{"id":"1.149483286","rc":[{"ltp":1.39,"id":2251402}]}]}
{"op":"mcm","clk":"7691560618","pt":1539407708362,"mc":[{"id":"1.149483286","rc":[{"ltp":1.38,"id":2251402}]}]}
{"op":"mcm","clk":"7691598206","pt":1539408264410,"mc":[{"id":"1.149483286","rc":[{"ltp":1.39,"id":2251402}]}]}
{"op":"mcm","clk":"7691603620","pt":1539408341112,"mc":[{"id":"1.149483286","rc":[{"ltp":3.65,"id":7446579}]}]}
{"op":"mcm","clk":"7691608821","pt":1539408418156,"mc":[{"id":"1.149483286","rc":[{"ltp":1.38,"id":2251402}]}]}
{"op":"mcm","clk":"7691626260","pt":1539408508356,"mc":[{"id":"1.149483286","rc":[{"ltp":1.39,"id":2251402}]}]}
{"op":"mcm","clk":"7691639244","pt":1539408681434,"mc":[{"id":"1.149483286","rc":[{"ltp":1.38,"id":2251402}]}]}
{"op":"mcm","clk":"7691657837","pt":1539408980436,"mc":[{"id":"1.149483286","rc":[{"ltp":3.6,"id":7446579}]}]}
{"op":"mcm","clk":"7691691651","pt":1539409349048,"mc":[{"id":"1.149483286","rc":[{"ltp":1.39,"id":2251402}]}]}
{"op":"mcm","clk":"7691709182","pt":1539409619204,"mc":[{"id":"1.149483286","rc":[{"ltp":1.38,"id":2251402}]}]}
{"op":"mcm","clk":"7691720973","pt":1539409804682,"mc":[{"id":"1.149483286","rc":[{"ltp":1.39,"id":2251402}]}]}
{"op":"mcm","clk":"7691761433","pt":1539410239372,"mc":[{"id":"1.149483286","rc":[{"ltp":3.65,"id":7446579}]}]}
{"op":"mcm","clk":"7691767621","pt":1539410330929,"mc":[{"id":"1.149483286","rc":[{"ltp":3.6,"id":7446579}]}]}
{"op":"mcm","clk":"7691772779","pt":1539410413080,"mc":[{"id":"1.149483286","rc":[{"ltp":3.65,"id":7446579},{"ltp":1.38,"id":2251402}]}]}
{"op":"mcm","clk":"7691776865","pt":1539410476415,"mc":[{"id":"1.149483286","rc":[{"ltp":1.39,"id":2251402}]}]}
{"op":"mcm","clk":"7691784872","pt":1539410596533,"mc":[{"id":"1.149483286","rc":[{"ltp":1.38,"id":2251402}]}]}
{"op":"mcm","clk":"7691814066","pt":1539411015968,"mc":[{"id":"1.149483286","rc":[{"ltp":1.39,"id":2251402}]}]}
{"op":"mcm","clk":"7691841521","pt":1539411301536,"mc":[{"id":"1.149483286","rc":[{"ltp":1.38,"id":2251402}]}]}
{"op":"mcm","clk":"7691849715","pt":1539411446857,"mc":[{"id":"1.149483286","rc":[{"ltp":1.39,"id":2251402}]}]}
{"op":"mcm","clk":"7691859470","pt":1539411617979,"mc":[{"id":"1.149483286","rc":[{"ltp":1.38,"id":2251402}]}]}
{"op":"mcm","clk":"7691878413","pt":1539411917910,"mc":[{"id":"1.149483286","rc":[{"ltp":1.39,"id":2251402}]}]}
{"op":"mcm","clk":"7691882319","pt":1539411971768,"mc":[{"id":"1.149483286","rc":[{"ltp":1.38,"id":2251402}]}]}
{"op":"mcm","clk":"7691924261","pt":1539412433608,"mc":[{"id":"1.149483286","rc":[{"ltp":1.39,"id":2251402}]}]}
{"op":"mcm","clk":"7691929099","pt":1539412527282,"mc":[{"id":"1.149483286","rc":[{"ltp":1.38,"id":2251402}]}]}
{"op":"mcm","clk":"7691946151","pt":1539412807103,"mc":[{"id":"1.149483286","rc":[{"ltp":3.6,"id":7446579},{"ltp":1.39,"id":2251402}]}]}
{"op":"mcm","clk":"7691977224","pt":1539413110511,"mc":[{"id":"1.149483286","rc":[{"ltp":1.38,"id":2251402}]}]}
{"op":"mcm","clk":"7692022449","pt":1539413810324,"mc":[{"id":"1.149483286","rc":[{"ltp":1.37,"id":2251402}]}]}
{"op":"mcm","clk":"7692058835","pt":1539414141813,"mc":[{"id":"1.149483286","rc":[{"ltp":1.38,"id":2251402}]}]}
{"op":"mcm","clk":"7692062790","pt":1539414186468,"mc":[{"id":"1.149483286","rc":[{"ltp":1.37,"id":2251402}]}]}
{"op":"mcm","clk":"7692066588","pt":1539414232848,"mc":[{"id":"1.149483286","rc":[{"ltp":1.38,"id":2251402}]}]}
{"op":"mcm","clk":"7692073080","pt":1539414317356,"mc":[{"id":"1.149483286","rc":[{"ltp":1.37,"id":2251402}]}]}
{"op":"mcm","clk":"7692094317","pt":1539414550627,"mc":[{"id":"1.149483286","rc":[{"ltp":1.39,"id":2251402}]}]}
{"op":"mcm","clk":"7692150578","pt":1539414982690,"mc":[{"id":"1.149483286","rc":[{"ltp":1.38,"id":2251402}]}]}
{"op":"mcm","clk":"7692161498","pt":1539415094312,"mc":[{"id":"1.149483286","rc":[{"ltp":3.55,"id":7446579}]}]}
{"op":"mcm","clk":"7692245499","pt":1539415755027,"mc":[{"id":"1.149483286","rc":[{"ltp":1.39,"id":2251402}]}]}
{"op":"mcm","clk":"7692417925","pt":1539417384021,"mc":[{"id":"1.149483286","rc":[{"ltp":1.4,"id":2251402}]}]}
{"op":"mcm","clk":"7692421936","pt":1539417420436,"mc":[{"id":"1.149483286","rc":[{"ltp":1.39,"id":2251402}]}]}
{"op":"mcm","clk":"7692479902","pt":1539417807091,"mc":[{"id":"1.149483286","rc":[{"ltp":3.6,"id":7446579}]}]}
{"op":"mcm","clk":"7692503005","pt":1539417976524,"mc":[{"id":"1.149483286","rc":[{"ltp":1.38,"id":2251402}]}]}
{"op":"mcm","clk":"7692510984","pt":1539418034883,"mc":[{"id":"1.149483286","rc":[{"ltp":1.39,"id":2251402}]}]}
{"op":"mcm","clk":"7692573512","pt":1539418399666,"mc":[{"id":"1.149483286","rc":[{"ltp":1.38,"id":2251402}]}]}
{"op":"mcm","clk":"7692592743","pt":1539418535576,"mc":[{"id":"1.149483286","rc":[{"ltp":1.39,"id":2251402}]}]}
{"op":"mcm","clk":"7692607786","pt":1539418647637,"mc":[{"id":"1.149483286","rc":[{"ltp":1.38,"id":2251402}]}]}
{"op":"mcm","clk":"7692612181","pt":1539418682354,"mc":[{"id":"1.149483286","rc":[{"ltp":1.39,"id":2251402}]}]}
{"op":"mcm","clk":"7692622460","pt":1539418757055,"mc":[{"id":"1.149483286","rc":[{"ltp":3.55,"id":7446579},{"ltp":1.38,"id":2251402}]}]}
{"op":"mcm","clk":"7692658195","pt":1539419005457,"mc":[{"id":"1.149483286","rc":[{"ltp":3.65,"id":7446579}]}]}
{"op":"mcm","clk":"7692675772","pt":1539419120300,"mc":[{"id":"1.149483286","rc":[{"ltp":1.39,"id":2251402}]}]}
{"op":"mcm","clk":"7692765073","pt":1539419614792,"mc":[{"id":"1.149483286","rc":[{"ltp":1.38,"id":2251402}]}]}
{"op":"mcm","clk":"7692887714","pt":1539420327114,"mc":[{"id":"1.149483286","rc":[{"ltp":3.6,"id":7446579}]}]}
{"op":"mcm","clk":"7692895105","pt":1539420375084,"mc":[{"id":"1.149483286","rc":[{"ltp":1.39,"id":2251402}]}]}
{"op":"mcm","clk":"7692905080","pt":1539420442465,"mc":[{"id":"1.149483286","rc":[{"ltp":1.38,"id":2251402}]}]}
{"op":"mcm","clk":"7693000880","pt":1539421048534,"mc":[{"id":"1.149483286","rc":[{"ltp":1.39,"id":2251402}]}]}
{"op":"mcm","clk":"7693014809","pt":1539421166690,"mc":[{"id":"1.149483286","rc":[{"ltp":1.38,"id":2251402}]}]}
{"op":"mcm","clk":"7693158515","pt":1539421990406,"mc":[{"id":"1.149483286","rc":[{"ltp":3.55,"id":7446579}]}]}
{"op":"mcm","clk":"7693234376","pt":1539422400458,"mc":[{"id":"1.149483286","rc":[{"ltp":3.6,"id":7446579}]}]}
{"op":"mcm","clk":"7693252250","pt":1539422499484,"mc":[{"id":"1.149483286","rc":[{"ltp":3.55,"id":7446579}]}]}
{"op":"mcm","clk":"7693358167","pt":1539423002481,"mc":[{"id":"1.149483286","rc":[{"ltp":1.39,"id":2251402}]}]}
{"op":"mcm","clk":"7693374019","pt":1539423085510,"mc":[{"id":"1.149483286","rc":[{"ltp":3.6,"id":7446579},{"ltp":1.38,"id":2251402}]}]}
{"op":"mcm","clk":"7693409320","pt":1539423265352,"mc":[{"id":"1.149483286","rc":[{"ltp":1.39,"id":2251402}]}]}
{"op":"mcm","clk":"7693431662","pt":1539423383335,"mc":[{"id":"1.149483286","rc":[{"ltp":1.38,"id":2251402}]}]}
{"op":"mcm","clk":"7693440358","pt":1539423427057,"mc":[{"id":"1.149483286","rc":[{"ltp":1.39,"id":2251402}]}]}
{"op":"mcm","clk":"7693456251","pt":1539423507779,"mc":[{"id":"1.149483286","rc":[{"ltp":1.38,"id":2251402}]}]}
{"op":"mcm","clk":"7693534349","pt":1539423865390,"mc":[{"id":"1.149483286","rc":[{"ltp":3.7,"id":7446579},{"ltp":1.37,"id":2251402}]}]}
{"op":"mcm","clk":"7693555455","pt":1539423987777,"mc":[{"id":"1.149483286","rc":[{"ltp":3.6,"id":7446579}]}]}
{"op":"mcm","clk":"7693565155","pt":1539424047731,"mc":[{"id":"1.149483286","rc":[{"ltp":3.7,"id":7446579}]}]}
{"op":"mcm","clk":"7693572457","pt":1539424094917,"mc":[{"id":"1.149483286","rc":[{"ltp":1.38,"id":2251402}]}]}
{"op":"mcm","clk":"7693581984","pt":1539424157380,"mc":[{"id":"1.149483286","rc":[{"ltp":3.65,"id":7446579},{"ltp":1.37,"id":2251402}]}]}
{"op":"mcm","clk":"7693592339","pt":1539424227696,"mc":[{"id":"1.149483286","rc":[{"ltp":3.7,"id":7446579}]}]}
{"op":"mcm","clk":"7693661333","pt":1539424640378,"mc":[{"id":"1.149483286","rc":[{"ltp":3.65,"id":7446579},{"ltp":1.38,"id":2251402}]}]}
{"op":"mcm","clk":"7693669543","pt":1539424706590,"mc":[{"id":"1.149483286","rc":[{"ltp":3.7,"id":7446579},{"ltp":1.37,"id":2251402}]}]}
{"op":"mcm","clk":"7693685681","pt":1539424827674,"mc":[{"id":"1.149483286","rc":[{"ltp":3.75,"id":7446579}]}]}
{"op":"mcm","clk":"7693692129","pt":1539424875544,"mc":[{"id":"1.149483286","rc":[{"ltp":3.7,"id":7446579}]}]}
{"op":"mcm","clk":"7693715059","pt":1539425054091,"mc":[{"id":"1.149483286","rc":[{"ltp":1.38,"id":2251402}]}]}
{"op":"mcm","clk":"7693724697","pt":1539425127283,"mc":[{"id":"1.149483286","rc":[{"ltp":1.37,"id":2251402}]}]}
{"op":"mcm","clk":"7693805933","pt":1539425591031,"mc":[{"id":"1.149483286","rc":[{"ltp":3.65,"id":7446579}]}]}
{"op":"mcm","clk":"7693816897","pt":1539425667870,"mc":[{"id":"1.149483286","rc":[{"ltp":3.7,"id":7446579}]}]}
{"op":"mcm","clk":"7693917748","pt":1539426326883,"mc":[{"id":"1.149483286","rc":[{"ltp":3.75,"id":7446579}]}]}
{"op":"mcm","clk":"7693924568","pt":1539426369301,"mc":[{"id":"1.149483286","rc":[{"ltp":3.7,"id":7446579},{"ltp":1.38,"id":2251402}]}]}
{"op":"mcm","clk":"7693956454","pt":1539426502773,"mc":[{"id":"1.149483286","rc":[{"ltp":1.37,"id":2251402}]}]}
{"op":"mcm","clk":"7693965861","pt":1539426567442,"mc":[{"id":"1.149483286","rc":[{"ltp":3.65,"id":7446579}]}]}
{"op":"mcm","clk":"7693975157","pt":1539426627851,"mc":[{"id":"1.149483286","rc":[{"ltp":1.38,"id":2251402}]}]}
{"op":"mcm","clk":"7693982603","pt":1539426678497,"mc":[{"id":"1.149483286","rc":[{"ltp":1.37,"id":2251402}]}]}
{"op":"mcm","clk":"7693990835","pt":1539426734849,"mc":[{"id":"1.149483286","rc":[{"ltp":3.7,"id":7446579},{"ltp":1.38,"id":2251402}]}]}
{"op":"mcm","clk":"7694002645","pt":1539426807757,"mc":[{"id":"1.149483286","rc":[{"ltp":3.65,"id":7446579}]}]}
{"op":"mcm","clk":"7694044796","pt":1539427084361,"mc":[{"id":"1.149483286","rc":[{"ltp":3.7,"id":7446579},{"ltp":1.37,"id":2251402}]}]}
{"op":"mcm","clk":"7694076293","pt":1539427285558,"mc":[{"id":"1.149483286","rc":[{"ltp":3.65,"id":7446579},{"ltp":1.38,"id":2251402}]}]}
{"op":"mcm","clk":"7694095925","pt":1539427342995,"mc":[{"id":"1.149483286","rc":[{"ltp":3.6,"id":7446579},{"ltp":1.39,"id":2251402}]}]}
{"op":"mcm","clk":"7694102796","pt":1539427390676,"mc":[{"id":"1.149483286","rc":[{"ltp":1.38,"id":2251402}]}]}
{"op":"mcm","clk":"7694120407","pt":1539427525792,"mc":[{"id":"1.149483286","rc":[{"ltp":3.65,"id":7446579},{"ltp":1.37,"id":2251402}]}]}
{"op":"mcm","clk":"7694135708","pt":1539427647864,"mc":[{"id":"1.149483286","rc":[{"ltp":3.7,"id":7446579},{"ltp":1.38,"id":2251402}]}]}
{"op":"mcm","clk":"7694152469","pt":1539427765163,"mc":[{"id":"1.149483286","rc":[{"ltp":1.37,"id":2251402}]}]}
{"op":"mcm","clk":"7694178803","pt":1539427937473,"mc":[{"id":"1.149483286","rc":[{"ltp":3.65,"id":7446579},{"ltp":1.38,"id":2251402}]}]}
{"op":"mcm","clk":"7694195938","pt":1539428062047,"mc":[{"id":"1.149483286","rc":[{"ltp":1.37,"id":2251402}]}]}
{"op":"mcm","clk":"7694204942","pt":1539428127820,"mc":[{"id":"1.149483286","rc":[{"ltp":1.38,"id":2251402}]}]}
{"op":"mcm","clk":"7694231036","pt":1539428241500,"mc":[{"id":"1.149483286","rc":[{"ltp":1.37,"id":2251402}]}]}
{"op":"mcm","clk":"7694245954","pt":1539428355409,"mc":[{"id":"1.149483286","rc":[{"ltp":1.38,"id":2251402}]}]}
{"op":"mcm","clk":"7694253552","pt":1539428411032,"mc":[{"id":"1.149483286","rc":[{"ltp":1.37,"id":2251402}]}]}
{"op":"mcm","clk":"7694279789","pt":1539428619417,"mc":[{"id":"1.149483286","rc":[{"ltp":3.6,"id":7446579}]}]}
{"op":"mcm","clk":"7694308892","pt":1539428846933,"mc":[{"id":"1.149483286","rc":[{"ltp":1.38,"id":2251402}]}]}
{"op":"mcm","clk":"7694317850","pt":1539428907020,"mc":[{"id":"1.149483286","rc":[{"ltp":3.65,"id":7446579},{"ltp":1.37,"id":2251402}]}]}
{"op":"mcm","clk":"7694325941","pt":1539428966367,"mc":[{"id":"1.149483286","rc":[{"ltp":3.7,"id":7446579}]}]}
{"op":"mcm","clk":"7694333762","pt":1539429026509,"mc":[{"id":"1.149483286","rc":[{"ltp":1.38,"id":2251402}]}]}
{"op":"mcm","clk":"7694340872","pt":1539429076545,"mc":[{"id":"1.149483286","rc":[{"ltp":3.65,"id":7446579},{"ltp":1.37,"id":2251402}]}]}
{"op":"mcm","clk":"7694370247","pt":1539429203434,"mc":[{"id":"1.149483286","rc":[{"ltp":3.6,"id":7446579},{"ltp":1.38,"id":2251402}]}]}
{"op":"mcm","clk":"7694378415","pt":1539429258182,"mc":[{"id":"1.149483286","rc":[{"ltp":3.65,"id":7446579},{"ltp":1.37,"id":2251402}]}]}
{"op":"mcm","clk":"7694388068","pt":1539429327455,"mc":[{"id":"1.149483286","rc":[{"ltp":3.75,"id":7446579}]}]}
{"op":"mcm","clk":"7694396347","pt":1539429387554,"mc":[{"id":"1.149483286","rc":[{"ltp":1.36,"id":2251402}]}]}
{"op":"mcm","clk":"7694412681","pt":1539429507621,"mc":[{"id":"1.149483286","rc":[{"ltp":3.7,"id":7446579},{"ltp":1.37,"id":2251402}]}]}
{"op":"mcm","clk":"7694420937","pt":1539429565229,"mc":[{"id":"1.149483286","rc":[{"ltp":3.75,"id":7446579},{"ltp":1.36,"id":2251402}]}]}
{"op":"mcm","clk":"7694447599","pt":1539429743675,"mc":[{"id":"1.149483286","rc":[{"ltp":3.7,"id":7446579}]}]}
{"op":"mcm","clk":"7694456812","pt":1539429803781,"mc":[{"id":"1.149483286","rc":[{"ltp":3.75,"id":7446579}]}]}
{"op":"mcm","clk":"7694511765","pt":1539430106729,"mc":[{"id":"1.149483286","rc":[{"ltp":3.8,"id":7446579},{"ltp":1.35,"id":2251402}]}]}
{"op":"mcm","clk":"7694529101","pt":1539430226755,"mc":[{"id":"1.149483286","rc":[{"ltp":1.36,"id":2251402}]}]}
{"op":"mcm","clk":"7694536830","pt":1539430281510,"mc":[{"id":"1.149483286","rc":[{"ltp":1.35,"id":2251402}]}]}
{"op":"mcm","clk":"7694553754","pt":1539430404494,"mc":[{"id":"1.149483286","rc":[{"ltp":3.85,"id":7446579},{"ltp":1.36,"id":2251402}]}]}
{"op":"mcm","clk":"7694570053","pt":1539430517915,"mc":[{"id":"1.149483286","rc":[{"ltp":3.8,"id":7446579},{"ltp":1.35,"id":2251402}]}]}
{"op":"mcm","clk":"7694586487","pt":1539430647271,"mc":[{"id":"1.149483286","rc":[{"ltp":3.85,"id":7446579},{"ltp":1.36,"id":2251402}]}]}
{"op":"mcm","clk":"7694595031","pt":1539430707718,"mc":[{"id":"1.149483286","rc":[{"ltp":3.9,"id":7446579},{"ltp":1.34,"id":2251402}]}]}
{"op":"mcm","clk":"7694603850","pt":1539430767840,"mc":[{"id":"1.149483286","rc":[{"ltp":1.35,"id":2251402}]}]}
{"op":"mcm","clk":"7694612312","pt":1539430827752,"mc":[{"id":"1.149483286","rc":[{"ltp":1.34,"id":2251402}]}]}
{"op":"mcm","clk":"7694620761","pt":1539430887250,"mc":[{"id":"1.149483286","rc":[{"ltp":1.35,"id":2251402}]}]}
{"op":"mcm","clk":"7694640596","pt":1539430947862,"mc":[{"id":"1.149483286","rc":[{"ltp":1.34,"id":2251402}]}]}
{"op":"mcm","clk":"7694666573","pt":1539431121688,"mc":[{"id":"1.149483286","rc":[{"ltp":3.95,"id":7446579},{"ltp":1.35,"id":2251402}]}]}
{"op":"mcm","clk":"7694675856","pt":1539431187520,"mc":[{"id":"1.149483286","rc":[{"ltp":3.9,"id":7446579},{"ltp":1.34,"id":2251402}]}]}
{"op":"mcm","clk":"7694684283","pt":1539431247619,"mc":[{"id":"1.149483286","rc":[{"ltp":1.35,"id":2251402}]}]}
{"op":"mcm","clk":"7694692398","pt":1539431306565,"mc":[{"id":"1.149483286","rc":[{"ltp":3.95,"id":7446579},{"ltp":1.34,"id":2251402}]}]}
{"op":"mcm","clk":"7694709217","pt":1539431426469,"mc":[{"id":"1.149483286","marketDefinition":{"bspMarket":false,"turnInPlayEnabled":true,"persistenceEnabled":true,"marketBaseRate":5.0,"eventId":"28952972","eventTypeId":"2","numberOfWinners":1,"bettingType":"ODDS","marketType":"MATCH_ODDS","marketTime":"2018-10-13T11:48:00.000Z","suspendTime":"2018-10-13T11:48:00.000Z","bspReconciled":false,"complete":true,"inPlay":false,"crossMatching":true,"runnersVoidable":false,"numberOfActiveRunners":2,"betDelay":0,"status":"OPEN","runners":[{"status":"ACTIVE","sortPriority":1,"id":2251402,"name":"Roger Federer"},{"status":"ACTIVE","sortPriority":2,"id":7446579,"name":"Borna Coric"}],"regulators":["MR_INT"],"countryCode":"CN","discountAllowed":true,"timezone":"UTC","openDate":"2018-10-13T11:48:00.000Z","version":2452540957,"name":"Match Odds","eventName":"Federer v Coric"},"rc":[{"ltp":1.33,"id":2251402}]}]}
{"op":"mcm","clk":"7694717058","pt":1539431487214,"mc":[{"id":"1.149483286","rc":[{"ltp":1.34,"id":2251402}]}]}
{"op":"mcm","clk":"7694724635","pt":1539431546904,"mc":[{"id":"1.149483286","rc":[{"ltp":4.1,"id":7446579},{"ltp":1.33,"id":2251402}]}]}
{"op":"mcm","clk":"7694732218","pt":1539431603535,"mc":[{"id":"1.149483286","rc":[{"ltp":4.0,"id":7446579},{"ltp":1.32,"id":2251402}]}]}
{"op":"mcm","clk":"7694740114","pt":1539431665014,"mc":[{"id":"1.149483286","rc":[{"ltp":1.33,"id":2251402}]}]}
{"op":"mcm","clk":"7694748850","pt":1539431727699,"mc":[{"id":"1.149483286","rc":[{"ltp":4.1,"id":7446579}]}]}
{"op":"mcm","clk":"7694756626","pt":1539431786108,"mc":[{"id":"1.149483286","rc":[{"ltp":4.0,"id":7446579}]}]}
{"op":"mcm","clk":"7694784698","pt":1539431906328,"mc":[{"id":"1.149483286","rc":[{"ltp":1.34,"id":2251402}]}]}
{"op":"mcm","clk":"7694793655","pt":1539431967777,"mc":[{"id":"1.149483286","rc":[{"ltp":1.33,"id":2251402}]}]}
{"op":"mcm","clk":"7694801571","pt":1539432023546,"mc":[{"id":"1.149483286","rc":[{"ltp":3.95,"id":7446579},{"ltp":1.34,"id":2251402}]}]}
{"op":"mcm","clk":"7694810674","pt":1539432086342,"mc":[{"id":"1.149483286","rc":[{"ltp":4.0,"id":7446579},{"ltp":1.32,"id":2251402}]}]}
{"op":"mcm","clk":"7694818930","pt":1539432147808,"mc":[{"id":"1.149483286","rc":[{"ltp":1.33,"id":2251402}]}]}
{"op":"mcm","clk":"7694827259","pt":1539432206516,"mc":[{"id":"1.149483286","rc":[{"ltp":1.34,"id":2251402}]}]}
{"op":"mcm","clk":"7694837000","pt":1539432267864,"mc":[{"id":"1.149483286","rc":[{"ltp":4.1,"id":7446579},{"ltp":1.32,"id":2251402}]}]}
{"op":"mcm","clk":"7694846524","pt":1539432327171,"mc":[{"id":"1.149483286","rc":[{"ltp":4.2,"id":7446579},{"ltp":1.31,"id":2251402}]}]}
{"op":"mcm","clk":"7694855568","pt":1539432386313,"mc":[{"id":"1.149483286","rc":[{"ltp":4.1,"id":7446579}]}]}
{"op":"mcm","clk":"7694865267","pt":1539432447091,"mc":[{"id":"1.149483286","rc":[{"ltp":4.2,"id":7446579},{"ltp":1.32,"id":2251402}]}]}
{"op":"mcm","clk":"7694874199","pt":1539432505726,"mc":[{"id":"1.149483286","rc":[{"ltp":4.3,"id":7446579},{"ltp":1.31,"id":2251402}]}]}
{"op":"mcm","clk":"7694883783","pt":1539432567559,"mc":[{"id":"1.149483286","marketDefinition":{"bspMarket":false,"turnInPlayEnabled":true,"persistenceEnabled":true,"marketBaseRate":5.0,"eventId":"28952972","eventTypeId":"2","numberOfWinners":1,"bettingType":"ODDS","marketType":"MATCH_ODDS","marketTime":"2018-10-13T11:48:00.000Z","suspendTime":"2018-10-13T11:48:00.000Z","bspReconciled":false,"complete":true,"inPlay":true,"crossMatching":true,"runnersVoidable":false,"numberOfActiveRunners":2,"betDelay":5,"status":"OPEN","runners":[{"status":"ACTIVE","sortPriority":1,"id":2251402,"name":"Roger Federer"},{"status":"ACTIVE","sortPriority":2,"id":7446579,"name":"Borna Coric"}],"regulators":["MR_INT"],"countryCode":"CN","discountAllowed":true,"timezone":"UTC","openDate":"2018-10-13T11:48:00.000Z","version":2452586640,"name":"Match Odds","eventName":"Federer v Coric"},"rc":[{"ltp":4.2,"id":7446579}]}]}
{"op":"mcm","clk":"7694893850","pt":1539432627802,"mc":[{"id":"1.149483286","rc":[{"ltp":3.0,"id":7446579},{"ltp":1.42,"id":2251402}]}]}
{"op":"mcm","clk":"7694904173","pt":1539432687663,"mc":[{"id":"1.149483286","rc":[{"ltp":3.3,"id":7446579},{"ltp":1.44,"id":2251402}]}]}
{"op":"mcm","clk":"7694925629","pt":1539432747868,"mc":[{"id":"1.149483286","rc":[{"ltp":2.5,"id":7446579},{"ltp":1.66,"id":2251402}]}]}
{"op":"mcm","clk":"7694935724","pt":1539432807833,"mc":[{"id":"1.149483286","rc":[{"ltp":2.32,"id":7446579},{"ltp":1.74,"id":2251402}]}]}
{"op":"mcm","clk":"7694945962","pt":1539432867657,"mc":[{"id":"1.149483286","rc":[{"ltp":2.34,"id":7446579},{"ltp":1.76,"id":2251402}]}]}
{"op":"mcm","clk":"7694955460","pt":1539432927669,"mc":[{"id":"1.149483286","rc":[{"ltp":1.74,"id":2251402}]}]}
{"op":"mcm","clk":"7694964940","pt":1539432987649,"mc":[{"id":"1.149483286","rc":[{"ltp":2.36,"id":7446579},{"ltp":1.73,"id":2251402}]}]}
{"op":"mcm","clk":"7694974145","pt":1539433047826,"mc":[{"id":"1.149483286","rc":[{"ltp":2.46,"id":7446579},{"ltp":1.68,"id":2251402}]}]}
{"op":"mcm","clk":"7694983895","pt":1539433107588,"mc":[{"id":"1.149483286","rc":[{"ltp":2.5,"id":7446579},{"ltp":1.67,"id":2251402}]}]}
{"op":"mcm","clk":"7694993417","pt":1539433167789,"mc":[{"id":"1.149483286","rc":[{"ltp":2.36,"id":7446579},{"ltp":1.74,"id":2251402}]}]}
{"op":"mcm","clk":"7695002437","pt":1539433227858,"mc":[{"id":"1.149483286","rc":[{"ltp":2.28,"id":7446579},{"ltp":1.79,"id":2251402}]}]}
{"op":"mcm","clk":"7695012309","pt":1539433287780,"mc":[{"id":"1.149483286","rc":[{"ltp":2.24,"id":7446579},{"ltp":1.81,"id":2251402}]}]}
{"op":"mcm","clk":"7695022080","pt":1539433347826,"mc":[{"id":"1.149483286","rc":[{"ltp":2.2,"id":7446579},{"ltp":1.83,"id":2251402}]}]}
{"op":"mcm","clk":"7695032229","pt":1539433407758,"mc":[{"id":"1.149483286","rc":[{"ltp":2.28,"id":7446579},{"ltp":1.77,"id":2251402}]}]}
{"op":"mcm","clk":"7695052642","pt":1539433527768,"mc":[{"id":"1.149483286","rc":[{"ltp":2.16,"id":7446579},{"ltp":1.85,"id":2251402}]}]}
{"op":"mcm","clk":"7695095087","pt":1539433707743,"mc":[{"id":"1.149483286","rc":[{"ltp":2.06,"id":7446579},{"ltp":1.95,"id":2251402}]}]}
{"op":"mcm","clk":"7695105008","pt":1539433767848,"mc":[{"id":"1.149483286","rc":[{"ltp":2.1,"id":7446579},{"ltp":1.89,"id":2251402}]}]}
{"op":"mcm","clk":"7695115135","pt":1539433827752,"mc":[{"id":"1.149483286","rc":[{"ltp":2.18,"id":7446579},{"ltp":1.87,"id":2251402}]}]}
{"op":"mcm","clk":"7695125067","pt":1539433887855,"mc":[{"id":"1.149483286","rc":[{"ltp":2.16,"id":7446579}]}]}
{"op":"mcm","clk":"7695135272","pt":1539433947553,"mc":[{"id":"1.149483286","rc":[{"ltp":1.85,"id":2251402}]}]}
{"op":"mcm","clk":"7695145252","pt":1539434006292,"mc":[{"id":"1.149483286","rc":[{"ltp":2.18,"id":7446579},{"ltp":1.86,"id":2251402}]}]}
{"op":"mcm","clk":"7695155135","pt":1539434067813,"mc":[{"id":"1.149483286","rc":[{"ltp":2.08,"id":7446579},{"ltp":1.91,"id":2251402}]}]}
{"op":"mcm","clk":"7695166284","pt":1539434127685,"mc":[{"id":"1.149483286","rc":[{"ltp":1.92,"id":2251402}]}]}
{"op":"mcm","clk":"7695176107","pt":1539434187721,"mc":[{"id":"1.149483286","rc":[{"ltp":2.26,"id":7446579},{"ltp":1.78,"id":2251402}]}]}
{"op":"mcm","clk":"7695186216","pt":1539434247706,"mc":[{"id":"1.149483286","rc":[{"ltp":2.02,"id":7446579},{"ltp":1.98,"id":2251402}]}]}
{"op":"mcm","clk":"7695196431","pt":1539434307634,"mc":[{"id":"1.149483286","rc":[{"ltp":2.04,"id":7446579},{"ltp":1.95,"id":2251402}]}]}
{"op":"mcm","clk":"7695206402","pt":1539434367600,"mc":[{"id":"1.149483286","rc":[{"ltp":2.06,"id":7446579}]}]}
{"op":"mcm","clk":"7695216316","pt":1539434427557,"mc":[{"id":"1.149483286","rc":[{"ltp":1.94,"id":2251402}]}]}
{"op":"mcm","clk":"7695226247","pt":1539434487348,"mc":[{"id":"1.149483286","rc":[{"ltp":1.95,"id":2251402}]}]}
{"op":"mcm","clk":"7695247653","pt":1539434547293,"mc":[{"id":"1.149483286","rc":[{"ltp":1.94,"id":7446579},{"ltp":2.06,"id":2251402}]}]}
{"op":"mcm","clk":"7695258335","pt":1539434607725,"mc":[{"id":"1.149483286","rc":[{"ltp":1.88,"id":7446579},{"ltp":2.14,"id":2251402}]}]}
{"op":"mcm","clk":"7695269643","pt":1539434667850,"mc":[{"id":"1.149483286","rc":[{"ltp":1.81,"id":7446579},{"ltp":2.22,"id":2251402}]}]}
{"op":"mcm","clk":"7695280720","pt":1539434727699,"mc":[{"id":"1.149483286","rc":[{"ltp":1.82,"id":7446579}]}]}
{"op":"mcm","clk":"7695291439","pt":1539434787511,"mc":[{"id":"1.149483286","rc":[{"ltp":1.84,"id":7446579}]}]}
{"op":"mcm","clk":"7695302284","pt":1539434847717,"mc":[{"id":"1.149483286","rc":[{"ltp":1.81,"id":7446579},{"ltp":2.24,"id":2251402}]}]}
{"op":"mcm","clk":"7695311737","pt":1539434907660,"mc":[{"id":"1.149483286","rc":[{"ltp":1.77,"id":7446579},{"ltp":2.28,"id":2251402}]}]}
{"op":"mcm","clk":"7695321450","pt":1539434967799,"mc":[{"id":"1.149483286","rc":[{"ltp":1.72,"id":7446579},{"ltp":2.4,"id":2251402}]}]}
{"op":"mcm","clk":"7695330848","pt":1539435027782,"mc":[{"id":"1.149483286","rc":[{"ltp":1.31,"id":7446579},{"ltp":4.2,"id":2251402}]}]}
{"op":"mcm","clk":"7695340770","pt":1539435087810,"mc":[{"id":"1.149483286","rc":[{"ltp":1.28,"id":7446579},{"ltp":4.5,"id":2251402}]}]}
{"op":"mcm","clk":"7695350228","pt":1539435147867,"mc":[{"id":"1.149483286","rc":[{"ltp":1.22,"id":7446579},{"ltp":5.6,"id":2251402}]}]}
{"op":"mcm","clk":"7695359503","pt":1539435207841,"mc":[{"id":"1.149483286","rc":[{"ltp":1.27,"id":7446579},{"ltp":4.8,"id":2251402}]}]}
{"op":"mcm","clk":"7695369725","pt":1539435267866,"mc":[{"id":"1.149483286","rc":[{"ltp":1.21,"id":7446579},{"ltp":5.5,"id":2251402}]}]}
{"op":"mcm","clk":"7695379973","pt":1539435327714,"mc":[{"id":"1.149483286","rc":[{"ltp":1.25,"id":7446579},{"ltp":5.0,"id":2251402}]}]}
{"op":"mcm","clk":"7695409506","pt":1539435447397,"mc":[{"id":"1.149483286","rc":[{"ltp":1.23,"id":7446579},{"ltp":5.2,"id":2251402}]}]}
{"op":"mcm","clk":"7695419115","pt":1539435507735,"mc":[{"id":"1.149483286","rc":[{"ltp":1.21,"id":7446579},{"ltp":5.7,"id":2251402}]}]}
{"op":"mcm","clk":"7695428906","pt":1539435567667,"mc":[{"id":"1.149483286","rc":[{"ltp":1.19,"id":7446579},{"ltp":6.0,"id":2251402}]}]}
{"op":"mcm","clk":"7695439233","pt":1539435627857,"mc":[{"id":"1.149483286","rc":[{"ltp":1.18,"id":7446579},{"ltp":6.8,"id":2251402}]}]}
{"op":"mcm","clk":"7695450138","pt":1539435687733,"mc":[{"id":"1.149483286","rc":[{"ltp":6.6,"id":2251402}]}]}
{"op":"mcm","clk":"7695461239","pt":1539435747829,"mc":[{"id":"1.149483286","rc":[{"ltp":1.17,"id":7446579},{"ltp":7.0,"id":2251402}]}]}
{"op":"mcm","clk":"7695472606","pt":1539435807832,"mc":[{"id":"1.149483286","rc":[{"ltp":1.15,"id":7446579},{"ltp":8.2,"id":2251402}]}]}
{"op":"mcm","clk":"7695483477","pt":1539435867664,"mc":[{"id":"1.149483286","rc":[{"ltp":1.18,"id":7446579},{"ltp":6.6,"id":2251402}]}]}
{"op":"mcm","clk":"7695494651","pt":1539435927787,"mc":[{"id":"1.149483286","rc":[{"ltp":6.8,"id":2251402}]}]}
{"op":"mcm","clk":"7695505952","pt":1539435987770,"mc":[{"id":"1.149483286","rc":[{"ltp":1.19,"id":7446579},{"ltp":6.4,"id":2251402}]}]}
{"op":"mcm","clk":"7695517540","pt":1539436047595,"mc":[{"id":"1.149483286","rc":[{"ltp":1.15,"id":7446579},{"ltp":8.2,"id":2251402}]}]}
{"op":"mcm","clk":"7695529024","pt":1539436107867,"mc":[{"id":"1.149483286","rc":[{"ltp":1.11,"id":7446579},{"ltp":10.0,"id":2251402}]}]}
{"op":"mcm","clk":"7695539881","pt":1539436167621,"mc":[{"id":"1.149483286","rc":[{"ltp":1.09,"id":7446579},{"ltp":12.0,"id":2251402}]}]}
{"op":"mcm","clk":"7695563691","pt":1539436287692,"mc":[{"id":"1.149483286","rc":[{"ltp":11.5,"id":2251402}]}]}
{"op":"mcm","clk":"7695587337","pt":1539436347855,"mc":[{"id":"1.149483286","rc":[{"ltp":1.12,"id":7446579},{"ltp":9.6,"id":2251402}]}]}
{"op":"mcm","clk":"7695600234","pt":1539436407556,"mc":[{"id":"1.149483286","rc":[{"ltp":1.11,"id":7446579},{"ltp":9.8,"id":2251402}]}]}
{"op":"mcm","clk":"7695613973","pt":1539436467633,"mc":[{"id":"1.149483286","rc":[{"ltp":1.08,"id":7446579},{"ltp":11.0,"id":2251402}]}]}
{"op":"mcm","clk":"7695627707","pt":1539436527627,"mc":[{"id":"1.149483286","rc":[{"ltp":1.06,"id":7446579},{"ltp":15.0,"id":2251402}]}]}
{"op":"mcm","clk":"7695640890","pt":1539436587786,"mc":[{"id":"1.149483286","rc":[{"ltp":1.05,"id":7446579},{"ltp":21.0,"id":2251402}]}]}
{"op":"mcm","clk":"7695654268","pt":1539436647717,"mc":[{"id":"1.149483286","rc":[{"ltp":1.06,"id":7446579},{"ltp":16.5,"id":2251402}]}]}
{"op":"mcm","clk":"7695667289","pt":1539436707054,"mc":[{"id":"1.149483286","rc":[{"ltp":17.0,"id":2251402}]}]}
{"op":"mcm","clk":"7695680540","pt":1539436767518,"mc":[{"id":"1.149483286","rc":[{"ltp":1.09,"id":7446579},{"ltp":14.5,"id":2251402}]}]}
{"op":"mcm","clk":"7695693869","pt":1539436827769,"mc":[{"id":"1.149483286","rc":[{"ltp":1.08,"id":7446579},{"ltp":13.5,"id":2251402}]}]}
{"op":"mcm","clk":"7695707104","pt":1539436887812,"mc":[{"id":"1.149483286","rc":[{"ltp":1.16,"id":7446579},{"ltp":7.2,"id":2251402}]}]}
{"op":"mcm","clk":"7695719900","pt":1539436947767,"mc":[{"id":"1.149483286","rc":[{"ltp":1.04,"id":7446579},{"ltp":34.0,"id":2251402}]}]}
{"op":"mcm","clk":"7695731793","pt":1539437007488,"mc":[{"id":"1.149483286","marketDefinition":{"bspMarket":false,"turnInPlayEnabled":true,"persistenceEnabled":true,"marketBaseRate":5.0,"eventId":"28952972","eventTypeId":"2","numberOfWinners":1,"bettingType":"ODDS","marketType":"MATCH_ODDS","marketTime":"2018-10-13T11:48:00.000Z","suspendTime":"2018-10-13T11:48:00.000Z","bspReconciled":false,"complete":true,"inPlay":true,"crossMatching":true,"runnersVoidable":false,"numberOfActiveRunners":2,"betDelay":5,"status":"SUSPENDED","runners":[{"status":"ACTIVE","sortPriority":1,"id":2251402,"name":"Roger Federer"},{"status":"ACTIVE","sortPriority":2,"id":7446579,"name":"Borna Coric"}],"regulators":["MR_INT"],"countryCode":"CN","discountAllowed":true,"timezone":"UTC","openDate":"2018-10-13T11:48:00.000Z","version":2452742227,"name":"Match Odds","eventName":"Federer v Coric"},"rc":[{"ltp":1.03,"id":7446579},{"ltp":1000.0,"id":2251402}]}]}
{"op":"mcm","clk":"7695738169","pt":1539437040648,"mc":[{"id":"1.149483286","marketDefinition":{"bspMarket":false,"turnInPlayEnabled":true,"persistenceEnabled":true,"marketBaseRate":5.0,"eventId":"28952972","eventTypeId":"2","numberOfWinners":1,"bettingType":"ODDS","marketType":"MATCH_ODDS","marketTime":"2018-10-13T11:48:00.000Z","suspendTime":"2018-10-13T11:48:00.000Z","bspReconciled":false,"complete":true,"inPlay":true,"crossMatching":false,"runnersVoidable":false,"numberOfActiveRunners":0,"betDelay":5,"status":"CLOSED","settledTime":"2018-10-13T13:23:27.000Z","runners":[{"status":"LOSER","sortPriority":1,"id":2251402,"name":"Roger Federer"},{"status":"WINNER","sortPriority":2,"id":7446579,"name":"Borna Coric"}],"regulators":["MR_INT"],"countryCode":"CN","discountAllowed":true,"timezone":"UTC","openDate":"2018-10-13T11:48:00.000Z","version":2452747409,"name":"Match Odds","eventName":"Federer v Coric"}}]}
