{"op":"mcm","clk":"7743189971","pt":1539953691736,"mc":[{"id":"1.149846114","marketDefinition":{"bspMarket":false,"turnInPlayEnabled":true,"persistenceEnabled":true,"marketBaseRate":5.0,"eventId":"28964693","eventTypeId":"2","numberOfWinners":1,"bettingType":"ODDS","marketType":"MATCH_ODDS","marketTime":"2018-10-22T11:30:00.000Z","suspendTime":"2018-10-22T11:30:00.000Z","bspReconciled":false,"complete":true,"inPlay":false,"crossMatching":true,"runnersVoidable":false,"numberOfActiveRunners":2,"betDelay":0,"status":"OPEN","runners":[{"status":"ACTIVE","sortPriority":1,"id":7640637,"name":"Naomi Osaka"},{"status":"ACTIVE","sortPriority":2,"id":2923342,"name":"Sloane Stephens"}],"regulators":["MR_INT"],"countryCode":"SG","discountAllowed":true,"timezone":"UTC","openDate":"2018-10-22T11:30:00.000Z","version":2461538070,"name":"Match Odds","eventName":"N Osaka v Stephens"}}]}
{"op":"mcm","clk":"7745878188","pt":1539969835189,"mc":[{"id":"1.149846114","rc":[{"ltp":1.49,"id":7640637}]}]}
{"op":"mcm","clk":"7746257537","pt":1539971455772,"mc":[{"id":"1.149846114","rc":[{"ltp":1.43,"id":7640637}]}]}
{"op":"mcm","clk":"7752218627","pt":1540025021763,"mc":[{"id":"1.149846114","rc":[{"ltp":1.44,"id":7640637}]}]}
{"op":"mcm","clk":"7764235259","pt":1540105051308,"mc":[{"id":"1.149846114","rc":[{"ltp":1.48,"id":7640637}]}]}
{"op":"mcm","clk":"7764563825","pt":1540108434521,"mc":[{"id":"1.149846114","rc":[{"ltp":1.44,"id":7640637}]}]}
{"op":"mcm","clk":"7765245350","pt":1540113383664,"mc":[{"id":"1.149846114","rc":[{"ltp":1.46,"id":7640637}]}]}
{"op":"mcm","clk":"7766063866","pt":1540118176072,"mc":[{"id":"1.149846114","rc":[{"ltp":1.44,"id":7640637}]}]}
{"op":"mcm","clk":"7767859916","pt":1540127420196,"mc":[{"id":"1.149846114","rc":[{"ltp":3.05,"id":2923342},{"ltp":1.46,"id":7640637}]}]}
{"op":"mcm","clk":"7768625706","pt":1540131504532,"mc":[{"id":"1.149846114","rc":[{"ltp":1.45,"id":7640637}]}]}
{"op":"mcm","clk":"7769821951","pt":1540137828310,"mc":[{"id":"1.149846114","rc":[{"ltp":3.25,"id":2923342},{"ltp":1.44,"id":7640637}]}]}
{"op":"mcm","clk":"7770373360","pt":1540140594093,"mc":[{"id":"1.149846114","rc":[{"ltp":3.05,"id":2923342},{"ltp":1.48,"id":7640637}]}]}
{"op":"mcm","clk":"7770523068","pt":1540141443419,"mc":[{"id":"1.149846114","rc":[{"ltp":1.46,"id":7640637}]}]}
{"op":"mcm","clk":"7770938065","pt":1540144123574,"mc":[{"id":"1.149846114","rc":[{"ltp":1.47,"id":7640637}]}]}
{"op":"mcm","clk":"7771060281","pt":1540145215975,"mc":[{"id":"1.149846114","rc":[{"ltp":1.46,"id":7640637}]}]}
{"op":"mcm","clk":"7771066494","pt":1540145270460,"mc":[{"id":"1.149846114","rc":[{"ltp":3.25,"id":2923342},{"ltp":1.44,"id":7640637}]}]}
{"op":"mcm","clk":"7771070626","pt":1540145307471,"mc":[{"id":"1.149846114","rc":[{"ltp":1.43,"id":7640637}]}]}
{"op":"mcm","clk":"7771182309","pt":1540146291042,"mc":[{"id":"1.149846114","rc":[{"ltp":2.94,"id":2923342},{"ltp":1.52,"id":7640637}]}]}
{"op":"mcm","clk":"7771240441","pt":1540146828315,"mc":[{"id":"1.149846114","rc":[{"ltp":1.45,"id":7640637}]}]}
{"op":"mcm","clk":"7771949206","pt":1540153102409,"mc":[{"id":"1.149846114","rc":[{"ltp":1.44,"id":7640637}]}]}
{"op":"mcm","clk":"7772075341","pt":1540154065165,"mc":[{"id":"1.149846114","rc":[{"ltp":1.45,"id":7640637}]}]}
{"op":"mcm","clk":"7772204293","pt":1540155108054,"mc":[{"id":"1.149846114","rc":[{"ltp":1.46,"id":7640637}]}]}
{"op":"mcm","clk":"7772217061","pt":1540155228476,"mc":[{"id":"1.149846114","rc":[{"ltp":3.15,"id":2923342}]}]}
{"op":"mcm","clk":"7772275661","pt":1540155708100,"mc":[{"id":"1.149846114","rc":[{"ltp":1.45,"id":7640637}]}]}
{"op":"mcm","clk":"7772336012","pt":1540156319102,"mc":[{"id":"1.149846114","rc":[{"ltp":1.46,"id":7640637}]}]}
{"op":"mcm","clk":"7772385331","pt":1540156678948,"mc":[{"id":"1.149846114","rc":[{"ltp":1.45,"id":7640637}]}]}
{"op":"mcm","clk":"7772510845","pt":1540157659848,"mc":[{"id":"1.149846114","rc":[{"ltp":3.05,"id":2923342}]}]}
{"op":"mcm","clk":"7772656893","pt":1540159003082,"mc":[{"id":"1.149846114","rc":[{"ltp":1.46,"id":7640637}]}]}
{"op":"mcm","clk":"7772683204","pt":1540159194082,"mc":[{"id":"1.149846114","rc":[{"ltp":1.48,"id":7640637}]}]}
{"op":"mcm","clk":"7772713126","pt":1540159510153,"mc":[{"id":"1.149846114","rc":[{"ltp":1.47,"id":7640637}]}]}
{"op":"mcm","clk":"7772863987","pt":1540160875907,"mc":[{"id":"1.149846114","rc":[{"ltp":3.0,"id":2923342}]}]}
{"op":"mcm","clk":"7773367916","pt":1540166382387,"mc":[{"id":"1.149846114","rc":[{"ltp":3.1,"id":2923342}]}]}
{"op":"mcm","clk":"7773599432","pt":1540170895307,"mc":[{"id":"1.149846114","rc":[{"ltp":1.48,"id":7640637}]}]}
{"op":"mcm","clk":"7773650272","pt":1540172777566,"mc":[{"id":"1.149846114","rc":[{"ltp":1.47,"id":7640637}]}]}
{"op":"mcm","clk":"7773690063","pt":1540174248902,"mc":[{"id":"1.149846114","rc":[{"ltp":1.49,"id":7640637}]}]}
{"op":"mcm","clk":"7773707379","pt":1540174647639,"mc":[{"id":"1.149846114","rc":[{"ltp":1.47,"id":7640637}]}]}
{"op":"mcm","clk":"7773765848","pt":1540176592862,"mc":[{"id":"1.149846114","rc":[{"ltp":1.48,"id":7640637}]}]}
{"op":"mcm","clk":"7773825605","pt":1540178370821,"mc":[{"id":"1.149846114","rc":[{"ltp":1.47,"id":7640637}]}]}
{"op":"mcm","clk":"7773831214","pt":1540178705939,"mc":[{"id":"1.149846114","rc":[{"ltp":3.05,"id":2923342},{"ltp":1.48,"id":7640637}]}]}
{"op":"mcm","clk":"7773938294","pt":1540181527461,"mc":[{"id":"1.149846114","rc":[{"ltp":3.0,"id":2923342}]}]}
{"op":"mcm","clk":"7774110762","pt":1540186737519,"mc":[{"id":"1.149846114","rc":[{"ltp":1.49,"id":7640637}]}]}
{"op":"mcm","clk":"7774126975","pt":1540186946569,"mc":[{"id":"1.149846114","rc":[{"ltp":1.48,"id":7640637}]}]}
{"op":"mcm","clk":"7774133159","pt":1540187236444,"mc":[{"id":"1.149846114","rc":[{"ltp":3.05,"id":2923342}]}]}
{"op":"mcm","clk":"7774180125","pt":1540188840657,"mc":[{"id":"1.149846114","rc":[{"ltp":1.47,"id":7640637}]}]}
{"op":"mcm","clk":"7774193813","pt":1540189450741,"mc":[{"id":"1.149846114","rc":[{"ltp":3.1,"id":2923342}]}]}
{"op":"mcm","clk":"7774195521","pt":1540189577199,"mc":[{"id":"1.149846114","rc":[{"ltp":1.48,"id":7640637}]}]}
{"op":"mcm","clk":"7774209893","pt":1540189888730,"mc":[{"id":"1.149846114","rc":[{"ltp":1.47,"id":7640637}]}]}
{"op":"mcm","clk":"7774214581","pt":1540190106180,"mc":[{"id":"1.149846114","rc":[{"ltp":1.48,"id":7640637}]}]}
{"op":"mcm","clk":"7774240731","pt":1540191098706,"mc":[{"id":"1.149846114","rc":[{"ltp":3.05,"id":2923342}]}]}
{"op":"mcm","clk":"7774242350","pt":1540191206936,"mc":[{"id":"1.149846114","rc":[{"ltp":1.49,"id":7640637}]}]}
{"op":"mcm","clk":"7774327600","pt":1540193570884,"mc":[{"id":"1.149846114","rc":[{"ltp":3.0,"id":2923342}]}]}
{"op":"mcm","clk":"7774337207","pt":1540193935965,"mc":[{"id":"1.149846114","rc":[{"ltp":1.48,"id":7640637}]}]}
{"op":"mcm","clk":"7774354909","pt":1540194231957,"mc":[{"id":"1.149846114","rc":[{"ltp":1.49,"id":7640637}]}]}
{"op":"mcm","clk":"7774361345","pt":1540194416024,"mc":[{"id":"1.149846114","rc":[{"ltp":1.47,"id":7640637}]}]}
{"op":"mcm","clk":"7774363113","pt":1540194472445,"mc":[{"id":"1.149846114","rc":[{"ltp":1.48,"id":7640637}]}]}
{"op":"mcm","clk":"7774365215","pt":1540194562107,"mc":[{"id":"1.149846114","rc":[{"ltp":1.49,"id":7640637}]}]}
{"op":"mcm","clk":"7774366576","pt":1540194618979,"mc":[{"id":"1.149846114","rc":[{"ltp":1.48,"id":7640637}]}]}
{"op":"mcm","clk":"7774369943","pt":1540194763136,"mc":[{"id":"1.149846114","rc":[{"ltp":3.05,"id":2923342}]}]}
{"op":"mcm","clk":"7774373112","pt":1540194891266,"mc":[{"id":"1.149846114","rc":[{"ltp":1.47,"id":7640637}]}]}
{"op":"mcm","clk":"7774374992","pt":1540194954528,"mc":[{"id":"1.149846114","rc":[{"ltp":1.48,"id":7640637}]}]}
{"op":"mcm","clk":"7774402892","pt":1540195451723,"mc":[{"id":"1.149846114","rc":[{"ltp":1.47,"id":7640637}]}]}
{"op":"mcm","clk":"7774409486","pt":1540195601512,"mc":[{"id":"1.149846114","rc":[{"ltp":3.1,"id":2923342},{"ltp":1.48,"id":7640637}]}]}
{"op":"mcm","clk":"7774419141","pt":1540195852107,"mc":[{"id":"1.149846114","rc":[{"ltp":1.49,"id":7640637}]}]}
{"op":"mcm","clk":"7774438253","pt":1540196152243,"mc":[{"id":"1.149846114","rc":[{"ltp":1.48,"id":7640637}]}]}
{"op":"mcm","clk":"7774456135","pt":1540196680707,"mc":[{"id":"1.149846114","rc":[{"ltp":1.49,"id":7640637}]}]}
{"op":"mcm","clk":"7774484593","pt":1540197124592,"mc":[{"id":"1.149846114","rc":[{"ltp":3.05,"id":2923342}]}]}
{"op":"mcm","clk":"7774492072","pt":1540197353015,"mc":[{"id":"1.149846114","rc":[{"ltp":1.5,"id":7640637}]}]}
{"op":"mcm","clk":"7774499076","pt":1540197524438,"mc":[{"id":"1.149846114","rc":[{"ltp":3.0,"id":2923342},{"ltp":1.49,"id":7640637}]}]}
{"op":"mcm","clk":"7774501948","pt":1540197595128,"mc":[{"id":"1.149846114","rc":[{"ltp":3.05,"id":2923342},{"ltp":1.5,"id":7640637}]}]}
{"op":"mcm","clk":"7774523951","pt":1540197826496,"mc":[{"id":"1.149846114","rc":[{"ltp":3.0,"id":2923342}]}]}
{"op":"mcm","clk":"7774548132","pt":1540198361755,"mc":[{"id":"1.149846114","rc":[{"ltp":1.49,"id":7640637}]}]}
{"op":"mcm","clk":"7774550991","pt":1540198435625,"mc":[{"id":"1.149846114","rc":[{"ltp":3.05,"id":2923342},{"ltp":1.48,"id":7640637}]}]}
{"op":"mcm","clk":"7774552549","pt":1540198494997,"mc":[{"id":"1.149846114","rc":[{"ltp":1.49,"id":7640637}]}]}
{"op":"mcm","clk":"7774554248","pt":1540198555965,"mc":[{"id":"1.149846114","rc":[{"ltp":3.0,"id":2923342},{"ltp":1.48,"id":7640637}]}]}
{"op":"mcm","clk":"7774568544","pt":1540198674686,"mc":[{"id":"1.149846114","rc":[{"ltp":1.49,"id":7640637}]}]}
{"op":"mcm","clk":"7774577213","pt":1540198905752,"mc":[{"id":"1.149846114","rc":[{"ltp":1.5,"id":7640637}]}]}
{"op":"mcm","clk":"7774580803","pt":1540198991766,"mc":[{"id":"1.149846114","rc":[{"ltp":1.49,"id":7640637}]}]}
{"op":"mcm","clk":"7774589743","pt":1540199133773,"mc":[{"id":"1.149846114","rc":[{"ltp":1.5,"id":7640637}]}]}
{"op":"mcm","clk":"7774594546","pt":1540199215492,"mc":[{"id":"1.149846114","rc":[{"ltp":1.49,"id":7640637}]}]}
{"op":"mcm","clk":"7774607533","pt":1540199448664,"mc":[{"id":"1.149846114","rc":[{"ltp":1.5,"id":7640637}]}]}
{"op":"mcm","clk":"7774610886","pt":1540199508501,"mc":[{"id":"1.149846114","rc":[{"ltp":1.49,"id":7640637}]}]}
{"op":"mcm","clk":"7774637829","pt":1540199785478,"mc":[{"id":"1.149846114","rc":[{"ltp":1.5,"id":7640637}]}]}
{"op":"mcm","clk":"7774642392","pt":1540199874672,"mc":[{"id":"1.149846114","rc":[{"ltp":1.49,"id":7640637}]}]}
{"op":"mcm","clk":"7774644609","pt":1540199925424,"mc":[{"id":"1.149846114","rc":[{"ltp":1.5,"id":7640637}]}]}
{"op":"mcm","clk":"7774648508","pt":1540200016621,"mc":[{"id":"1.149846114","rc":[{"ltp":1.49,"id":7640637}]}]}
{"op":"mcm","clk":"7774657260","pt":1540200235118,"mc":[{"id":"1.149846114","rc":[{"ltp":3.05,"id":2923342}]}]}
{"op":"mcm","clk":"7774662704","pt":1540200351464,"mc":[{"id":"1.149846114","rc":[{"ltp":1.48,"id":7640637}]}]}
{"op":"mcm","clk":"7774685749","pt":1540200585715,"mc":[{"id":"1.149846114","rc":[{"ltp":1.49,"id":7640637}]}]}
{"op":"mcm","clk":"7774690565","pt":1540200677389,"mc":[{"id":"1.149846114","rc":[{"ltp":1.48,"id":7640637}]}]}
{"op":"mcm","clk":"7774697498","pt":1540200802928,"mc":[{"id":"1.149846114","rc":[{"ltp":1.49,"id":7640637}]}]}
{"op":"mcm","clk":"7774703605","pt":1540200921607,"mc":[{"id":"1.149846114","rc":[{"ltp":1.48,"id":7640637}]}]}
{"op":"mcm","clk":"7774723458","pt":1540201315210,"mc":[{"id":"1.149846114","rc":[{"ltp":3.1,"id":2923342},{"ltp":1.47,"id":7640637}]}]}
{"op":"mcm","clk":"7774739724","pt":1540201429173,"mc":[{"id":"1.149846114","rc":[{"ltp":1.46,"id":7640637}]}]}
{"op":"mcm","clk":"7774742661","pt":1540201492658,"mc":[{"id":"1.149846114","rc":[{"ltp":1.47,"id":7640637}]}]}
{"op":"mcm","clk":"7774745498","pt":1540201551201,"mc":[{"id":"1.149846114","rc":[{"ltp":1.46,"id":7640637}]}]}
{"op":"mcm","clk":"7774748308","pt":1540201612660,"mc":[{"id":"1.149846114","rc":[{"ltp":3.15,"id":2923342}]}]}
{"op":"mcm","clk":"7774757152","pt":1540201795535,"mc":[{"id":"1.149846114","rc":[{"ltp":1.47,"id":7640637}]}]}
{"op":"mcm","clk":"7774763105","pt":1540201903589,"mc":[{"id":"1.149846114","rc":[{"ltp":1.46,"id":7640637}]}]}
{"op":"mcm","clk":"7774765730","pt":1540201958962,"mc":[{"id":"1.149846114","rc":[{"ltp":1.47,"id":7640637}]}]}
{"op":"mcm","clk":"7774769074","pt":1540202029259,"mc":[{"id":"1.149846114","rc":[{"ltp":1.46,"id":7640637}]}]}
{"op":"mcm","clk":"7774775615","pt":1540202155825,"mc":[{"id":"1.149846114","rc":[{"ltp":1.47,"id":7640637}]}]}
{"op":"mcm","clk":"7774793113","pt":1540202268257,"mc":[{"id":"1.149846114","rc":[{"ltp":1.46,"id":7640637}]}]}
{"op":"mcm","clk":"7774796687","pt":1540202321322,"mc":[{"id":"1.149846114","rc":[{"ltp":3.1,"id":2923342}]}]}
{"op":"mcm","clk":"7774801196","pt":1540202393886,"mc":[{"id":"1.149846114","rc":[{"ltp":1.47,"id":7640637}]}]}
{"op":"mcm","clk":"7774804519","pt":1540202443423,"mc":[{"id":"1.149846114","rc":[{"ltp":1.46,"id":7640637}]}]}
{"op":"mcm","clk":"7774825850","pt":1540202799448,"mc":[{"id":"1.149846114","rc":[{"ltp":1.47,"id":7640637}]}]}
{"op":"mcm","clk":"7774828534","pt":1540202845936,"mc":[{"id":"1.149846114","rc":[{"ltp":1.46,"id":7640637}]}]}
{"op":"mcm","clk":"7774837350","pt":1540202987510,"mc":[{"id":"1.149846114","rc":[{"ltp":1.47,"id":7640637}]}]}
{"op":"mcm","clk":"7774842253","pt":1540203048757,"mc":[{"id":"1.149846114","rc":[{"ltp":1.46,"id":7640637}]}]}
{"op":"mcm","clk":"7774860728","pt":1540203167446,"mc":[{"id":"1.149846114","rc":[{"ltp":3.15,"id":2923342}]}]}
{"op":"mcm","clk":"7774864822","pt":1540203233764,"mc":[{"id":"1.149846114","rc":[{"ltp":3.1,"id":2923342}]}]}
{"op":"mcm","clk":"7774869372","pt":1540203294273,"mc":[{"id":"1.149846114","rc":[{"ltp":1.47,"id":7640637}]}]}
{"op":"mcm","clk":"7774878064","pt":1540203408717,"mc":[{"id":"1.149846114","rc":[{"ltp":1.46,"id":7640637}]}]}
{"op":"mcm","clk":"7774881658","pt":1540203463444,"mc":[{"id":"1.149846114","rc":[{"ltp":1.47,"id":7640637}]}]}
{"op":"mcm","clk":"7774892002","pt":1540203593996,"mc":[{"id":"1.149846114","rc":[{"ltp":1.46,"id":7640637}]}]}
{"op":"mcm","clk":"7774895702","pt":1540203648893,"mc":[{"id":"1.149846114","rc":[{"ltp":1.47,"id":7640637}]}]}
{"op":"mcm","clk":"7774911762","pt":1540203891485,"mc":[{"id":"1.149846114","rc":[{"ltp":1.46,"id":7640637}]}]}
{"op":"mcm","clk":"7774920165","pt":1540204006482,"mc":[{"id":"1.149846114","rc":[{"ltp":1.47,"id":7640637}]}]}
{"op":"mcm","clk":"7774935369","pt":1540204073784,"mc":[{"id":"1.149846114","rc":[{"ltp":3.15,"id":2923342},{"ltp":1.46,"id":7640637}]}]}
{"op":"mcm","clk":"7774939257","pt":1540204134157,"mc":[{"id":"1.149846114","rc":[{"ltp":3.2,"id":2923342}]}]}
{"op":"mcm","clk":"7774948698","pt":1540204249053,"mc":[{"id":"1.149846114","rc":[{"ltp":1.45,"id":7640637}]}]}
{"op":"mcm","clk":"7774957976","pt":1540204365450,"mc":[{"id":"1.149846114","rc":[{"ltp":3.15,"id":2923342},{"ltp":1.46,"id":7640637}]}]}
{"op":"mcm","clk":"7774962700","pt":1540204419372,"mc":[{"id":"1.149846114","rc":[{"ltp":3.2,"id":2923342}]}]}
{"op":"mcm","clk":"7774971122","pt":1540204521579,"mc":[{"id":"1.149846114","rc":[{"ltp":3.15,"id":2923342}]}]}
{"op":"mcm","clk":"7774979009","pt":1540204613976,"mc":[{"id":"1.149846114","rc":[{"ltp":3.2,"id":2923342}]}]}
{"op":"mcm","clk":"7774983702","pt":1540204672406,"mc":[{"id":"1.149846114","rc":[{"ltp":1.45,"id":7640637}]}]}
{"op":"mcm","clk":"7774991081","pt":1540204764415,"mc":[{"id":"1.149846114","rc":[{"ltp":1.46,"id":7640637}]}]}
{"op":"mcm","clk":"7774995507","pt":1540204839009,"mc":[{"id":"1.149846114","rc":[{"ltp":3.15,"id":2923342},{"ltp":1.45,"id":7640637}]}]}
{"op":"mcm","clk":"7774999175","pt":1540204900243,"mc":[{"id":"1.149846114","rc":[{"ltp":1.46,"id":7640637}]}]}
{"op":"mcm","clk":"7775018874","pt":1540205035350,"mc":[{"id":"1.149846114","rc":[{"ltp":1.45,"id":7640637}]}]}
{"op":"mcm","clk":"7775023519","pt":1540205092417,"mc":[{"id":"1.149846114","rc":[{"ltp":1.46,"id":7640637}]}]}
{"op":"mcm","clk":"7775027178","pt":1540205139155,"mc":[{"id":"1.149846114","rc":[{"ltp":3.2,"id":2923342},{"ltp":1.45,"id":7640637}]}]}
{"op":"mcm","clk":"7775043191","pt":1540205387239,"mc":[{"id":"1.149846114","rc":[{"ltp":3.25,"id":2923342}]}]}
{"op":"mcm","clk":"7775049963","pt":1540205515493,"mc":[{"id":"1.149846114","rc":[{"ltp":1.46,"id":7640637}]}]}
{"op":"mcm","clk":"7775052527","pt":1540205561881,"mc":[{"id":"1.149846114","rc":[{"ltp":3.2,"id":2923342}]}]}
{"op":"mcm","clk":"7775055791","pt":1540205620171,"mc":[{"id":"1.149846114","rc":[{"ltp":1.45,"id":7640637}]}]}
{"op":"mcm","clk":"7775084250","pt":1540205935909,"mc":[{"id":"1.149846114","rc":[{"ltp":1.46,"id":7640637}]}]}
{"op":"mcm","clk":"7775097864","pt":1540206115463,"mc":[{"id":"1.149846114","rc":[{"ltp":1.45,"id":7640637}]}]}
{"op":"mcm","clk":"7775101978","pt":1540206174681,"mc":[{"id":"1.149846114","rc":[{"ltp":1.46,"id":7640637}]}]}
{"op":"mcm","clk":"7775110359","pt":1540206292888,"mc":[{"id":"1.149846114","rc":[{"ltp":3.15,"id":2923342}]}]}
{"op":"mcm","clk":"7775113450","pt":1540206338949,"mc":[{"id":"1.149846114","rc":[{"ltp":3.2,"id":2923342},{"ltp":1.45,"id":7640637}]}]}
{"op":"mcm","clk":"7775118452","pt":1540206408640,"mc":[{"id":"1.149846114","rc":[{"ltp":3.15,"id":2923342}]}]}
{"op":"mcm","clk":"7775126405","pt":1540206534878,"mc":[{"id":"1.149846114","rc":[{"ltp":3.2,"id":2923342}]}]}
{"op":"mcm","clk":"7775132382","pt":1540206645257,"mc":[{"id":"1.149846114","rc":[{"ltp":1.46,"id":7640637}]}]}
{"op":"mcm","clk":"7775136628","pt":1540206714865,"mc":[{"id":"1.149846114","rc":[{"ltp":1.45,"id":7640637}]}]}
{"op":"mcm","clk":"7775150937","pt":1540206774218,"mc":[{"id":"1.149846114","rc":[{"ltp":3.15,"id":2923342},{"ltp":1.46,"id":7640637}]}]}
{"op":"mcm","clk":"7775154955","pt":1540206833436,"mc":[{"id":"1.149846114","rc":[{"ltp":1.45,"id":7640637}]}]}
{"op":"mcm","clk":"7775159536","pt":1540206893074,"mc":[{"id":"1.149846114","rc":[{"ltp":1.46,"id":7640637}]}]}
{"op":"mcm","clk":"7775164778","pt":1540206954728,"mc":[{"id":"1.149846114","rc":[{"ltp":1.47,"id":7640637}]}]}
{"op":"mcm","clk":"7775172332","pt":1540207048156,"mc":[{"id":"1.149846114","rc":[{"ltp":3.2,"id":2923342}]}]}
{"op":"mcm","clk":"7775178790","pt":1540207135143,"mc":[{"id":"1.149846114","rc":[{"ltp":1.46,"id":7640637}]}]}
{"op":"mcm","clk":"7775182605","pt":1540207192432,"mc":[{"id":"1.149846114","rc":[{"ltp":3.15,"id":2923342}]}]}
{"op":"mcm","clk":"7775186945","pt":1540207255138,"mc":[{"id":"1.149846114","rc":[{"ltp":1.45,"id":7640637}]}]}
{"op":"mcm","clk":"7775195338","pt":1540207374285,"mc":[{"id":"1.149846114","rc":[{"ltp":3.2,"id":2923342}]}]}
{"op":"mcm","clk":"7775199512","pt":1540207435217,"mc":[{"id":"1.149846114","marketDefinition":{"bspMarket":false,"turnInPlayEnabled":true,"persistenceEnabled":true,"marketBaseRate":5.0,"eventId":"28964693","eventTypeId":"2","numberOfWinners":1,"bettingType":"ODDS","marketType":"MATCH_ODDS","marketTime":"2018-10-22T11:19:00.000Z","suspendTime":"2018-10-22T11:19:00.000Z","bspReconciled":false,"complete":true,"inPlay":false,"crossMatching":true,"runnersVoidable":false,"numberOfActiveRunners":2,"betDelay":0,"status":"OPEN","runners":[{"status":"ACTIVE","sortPriority":1,"id":7640637,"name":"Naomi Osaka"},{"status":"ACTIVE","sortPriority":2,"id":2923342,"name":"Sloane Stephens"}],"regulators":["MR_INT"],"countryCode":"SG","discountAllowed":true,"timezone":"UTC","openDate":"2018-10-22T11:19:00.000Z","version":2470574835,"name":"Match Odds","eventName":"N Osaka v Stephens"},"rc":[{"ltp":3.15,"id":2923342},{"ltp":1.46,"id":7640637}]}]}
{"op":"mcm","clk":"7775202982","pt":1540207494341,"mc":[{"id":"1.149846114","rc":[{"ltp":1.47,"id":7640637}]}]}
{"op":"mcm","clk":"7775205923","pt":1540207551773,"mc":[{"id":"1.149846114","rc":[{"ltp":3.1,"id":2923342}]}]}
{"op":"mcm","clk":"7775209252","pt":1540207615774,"mc":[{"id":"1.149846114","rc":[{"ltp":1.48,"id":7640637}]}]}
{"op":"mcm","clk":"7775223592","pt":1540207672401,"mc":[{"id":"1.149846114","rc":[{"ltp":1.47,"id":7640637}]}]}
{"op":"mcm","clk":"7775227229","pt":1540207735987,"mc":[{"id":"1.149846114","rc":[{"ltp":3.05,"id":2923342}]}]}
{"op":"mcm","clk":"7775234366","pt":1540207851160,"mc":[{"id":"1.149846114","rc":[{"ltp":3.1,"id":2923342},{"ltp":1.48,"id":7640637}]}]}
{"op":"mcm","clk":"7775242109","pt":1540207974810,"mc":[{"id":"1.149846114","rc":[{"ltp":3.05,"id":2923342}]}]}
{"op":"mcm","clk":"7775245882","pt":1540208032639,"mc":[{"id":"1.149846114","rc":[{"ltp":1.49,"id":7640637}]}]}
{"op":"mcm","clk":"7775249980","pt":1540208095042,"mc":[{"id":"1.149846114","rc":[{"ltp":3.1,"id":2923342},{"ltp":1.47,"id":7640637}]}]}
{"op":"mcm","clk":"7775254440","pt":1540208155819,"mc":[{"id":"1.149846114","rc":[{"ltp":3.15,"id":2923342}]}]}
{"op":"mcm","clk":"7775259341","pt":1540208215964,"mc":[{"id":"1.149846114","rc":[{"ltp":3.1,"id":2923342}]}]}
{"op":"mcm","clk":"7775267929","pt":1540208335779,"mc":[{"id":"1.149846114","rc":[{"ltp":3.05,"id":2923342}]}]}
{"op":"mcm","clk":"7775271845","pt":1540208394404,"mc":[{"id":"1.149846114","rc":[{"ltp":3.1,"id":2923342}]}]}
{"op":"mcm","clk":"7775275428","pt":1540208453469,"mc":[{"id":"1.149846114","rc":[{"ltp":1.48,"id":7640637}]}]}
{"op":"mcm","clk":"7775279028","pt":1540208515932,"mc":[{"id":"1.149846114","marketDefinition":{"bspMarket":false,"turnInPlayEnabled":true,"persistenceEnabled":true,"marketBaseRate":5.0,"eventId":"28964693","eventTypeId":"2","numberOfWinners":1,"bettingType":"ODDS","marketType":"MATCH_ODDS","marketTime":"2018-10-22T11:19:00.000Z","suspendTime":"2018-10-22T11:19:00.000Z","bspReconciled":false,"complete":true,"inPlay":true,"crossMatching":true,"runnersVoidable":false,"numberOfActiveRunners":2,"betDelay":5,"status":"OPEN","runners":[{"status":"ACTIVE","sortPriority":1,"id":7640637,"name":"Naomi Osaka"},{"status":"ACTIVE","sortPriority":2,"id":2923342,"name":"Sloane Stephens"}],"regulators":["MR_INT"],"countryCode":"SG","discountAllowed":true,"timezone":"UTC","openDate":"2018-10-22T11:19:00.000Z","version":2470584003,"name":"Match Odds","eventName":"N Osaka v Stephens"},"rc":[{"ltp":3.05,"id":2923342},{"ltp":1.49,"id":7640637}]}]}
{"op":"mcm","clk":"7775293188","pt":1540208576020,"mc":[{"id":"1.149846114","rc":[{"ltp":2.5,"id":2923342},{"ltp":1.66,"id":7640637}]}]}
{"op":"mcm","clk":"7775296947","pt":1540208635804,"mc":[{"id":"1.149846114","rc":[{"ltp":2.46,"id":2923342},{"ltp":1.69,"id":7640637}]}]}
{"op":"mcm","clk":"7775301507","pt":1540208695768,"mc":[{"id":"1.149846114","rc":[{"ltp":2.28,"id":2923342},{"ltp":1.81,"id":7640637}]}]}
{"op":"mcm","clk":"7775306293","pt":1540208755826,"mc":[{"id":"1.149846114","rc":[{"ltp":2.24,"id":2923342},{"ltp":1.78,"id":7640637}]}]}
{"op":"mcm","clk":"7775310868","pt":1540208815733,"mc":[{"id":"1.149846114","rc":[{"ltp":2.42,"id":2923342},{"ltp":1.67,"id":7640637}]}]}
{"op":"mcm","clk":"7775315328","pt":1540208875898,"mc":[{"id":"1.149846114","rc":[{"ltp":2.16,"id":2923342},{"ltp":1.86,"id":7640637}]}]}
{"op":"mcm","clk":"7775319391","pt":1540208935984,"mc":[{"id":"1.149846114","rc":[{"ltp":2.56,"id":2923342},{"ltp":1.63,"id":7640637}]}]}
{"op":"mcm","clk":"7775323605","pt":1540208995770,"mc":[{"id":"1.149846114","rc":[{"ltp":2.96,"id":2923342},{"ltp":1.5,"id":7640637}]}]}
{"op":"mcm","clk":"7775328198","pt":1540209056000,"mc":[{"id":"1.149846114","rc":[{"ltp":3.5,"id":2923342},{"ltp":1.4,"id":7640637}]}]}
{"op":"mcm","clk":"7775332990","pt":1540209115942,"mc":[{"id":"1.149846114","rc":[{"ltp":3.85,"id":2923342},{"ltp":1.36,"id":7640637}]}]}
{"op":"mcm","clk":"7775337680","pt":1540209175954,"mc":[{"id":"1.149846114","rc":[{"ltp":3.75,"id":2923342}]}]}
{"op":"mcm","clk":"7775342120","pt":1540209235974,"mc":[{"id":"1.149846114","rc":[{"ltp":4.3,"id":2923342},{"ltp":1.31,"id":7640637}]}]}
{"op":"mcm","clk":"7775346328","pt":1540209295853,"mc":[{"id":"1.149846114","rc":[{"ltp":3.65,"id":2923342},{"ltp":1.38,"id":7640637}]}]}
{"op":"mcm","clk":"7775350435","pt":1540209355640,"mc":[{"id":"1.149846114","rc":[{"ltp":3.5,"id":2923342},{"ltp":1.4,"id":7640637}]}]}
{"op":"mcm","clk":"7775368941","pt":1540209475966,"mc":[{"id":"1.149846114","rc":[{"ltp":3.95,"id":2923342},{"ltp":1.34,"id":7640637}]}]}
{"op":"mcm","clk":"7775372959","pt":1540209535648,"mc":[{"id":"1.149846114","rc":[{"ltp":4.0,"id":2923342}]}]}
{"op":"mcm","clk":"7775377385","pt":1540209594633,"mc":[{"id":"1.149846114","rc":[{"ltp":3.95,"id":2923342}]}]}
{"op":"mcm","clk":"7775382265","pt":1540209655920,"mc":[{"id":"1.149846114","rc":[{"ltp":3.5,"id":2923342},{"ltp":1.4,"id":7640637}]}]}
{"op":"mcm","clk":"7775387025","pt":1540209715880,"mc":[{"id":"1.149846114","rc":[{"ltp":3.1,"id":2923342},{"ltp":1.47,"id":7640637}]}]}
{"op":"mcm","clk":"7775392533","pt":1540209775847,"mc":[{"id":"1.149846114","rc":[{"ltp":3.0,"id":2923342},{"ltp":1.49,"id":7640637}]}]}
{"op":"mcm","clk":"7775397735","pt":1540209835851,"mc":[{"id":"1.149846114","rc":[{"ltp":2.36,"id":2923342},{"ltp":1.75,"id":7640637}]}]}
{"op":"mcm","clk":"7775402638","pt":1540209895645,"mc":[{"id":"1.149846114","rc":[{"ltp":2.46,"id":2923342},{"ltp":1.71,"id":7640637}]}]}
{"op":"mcm","clk":"7775407461","pt":1540209955994,"mc":[{"id":"1.149846114","rc":[{"ltp":2.06,"id":2923342},{"ltp":1.96,"id":7640637}]}]}
{"op":"mcm","clk":"7775411884","pt":1540210016021,"mc":[{"id":"1.149846114","rc":[{"ltp":2.0,"id":2923342},{"ltp":2.0,"id":7640637}]}]}
{"op":"mcm","clk":"7775416507","pt":1540210075958,"mc":[{"id":"1.149846114","rc":[{"ltp":1.79,"id":2923342},{"ltp":2.22,"id":7640637}]}]}
{"op":"mcm","clk":"7775420613","pt":1540210135367,"mc":[{"id":"1.149846114","rc":[{"ltp":1.88,"id":2923342},{"ltp":2.12,"id":7640637}]}]}
{"op":"mcm","clk":"7775424626","pt":1540210195821,"mc":[{"id":"1.149846114","rc":[{"ltp":2.08,"id":2923342},{"ltp":1.92,"id":7640637}]}]}
{"op":"mcm","clk":"7775428805","pt":1540210255973,"mc":[{"id":"1.149846114","rc":[{"ltp":1.92,"id":2923342},{"ltp":2.12,"id":7640637}]}]}
{"op":"mcm","clk":"7775433404","pt":1540210315958,"mc":[{"id":"1.149846114","rc":[{"ltp":2.4,"id":2923342},{"ltp":1.72,"id":7640637}]}]}
{"op":"mcm","clk":"7775449293","pt":1540210375922,"mc":[{"id":"1.149846114","rc":[{"ltp":2.94,"id":2923342},{"ltp":1.51,"id":7640637}]}]}
{"op":"mcm","clk":"7775453815","pt":1540210436021,"mc":[{"id":"1.149846114","rc":[{"ltp":1.53,"id":7640637}]}]}
{"op":"mcm","clk":"7775458720","pt":1540210495653,"mc":[{"id":"1.149846114","rc":[{"ltp":2.36,"id":2923342},{"ltp":1.73,"id":7640637}]}]}
{"op":"mcm","clk":"7775463761","pt":1540210554750,"mc":[{"id":"1.149846114","rc":[{"ltp":2.68,"id":2923342},{"ltp":1.58,"id":7640637}]}]}
{"op":"mcm","clk":"7775469268","pt":1540210615861,"mc":[{"id":"1.149846114","rc":[{"ltp":2.78,"id":2923342}]}]}
{"op":"mcm","clk":"7775474279","pt":1540210675889,"mc":[{"id":"1.149846114","rc":[{"ltp":2.74,"id":2923342},{"ltp":1.57,"id":7640637}]}]}
{"op":"mcm","clk":"7775479363","pt":1540210735937,"mc":[{"id":"1.149846114","rc":[{"ltp":3.6,"id":2923342},{"ltp":1.38,"id":7640637}]}]}
{"op":"mcm","clk":"7775484185","pt":1540210795913,"mc":[{"id":"1.149846114","rc":[{"ltp":3.65,"id":2923342}]}]}
{"op":"mcm","clk":"7775489186","pt":1540210856013,"mc":[{"id":"1.149846114","rc":[{"ltp":1.37,"id":7640637}]}]}
{"op":"mcm","clk":"7775493979","pt":1540210915405,"mc":[{"id":"1.149846114","rc":[{"ltp":4.3,"id":2923342},{"ltp":1.3,"id":7640637}]}]}
{"op":"mcm","clk":"7775498582","pt":1540210976020,"mc":[{"id":"1.149846114","rc":[{"ltp":3.35,"id":2923342},{"ltp":1.44,"id":7640637}]}]}
{"op":"mcm","clk":"7775503014","pt":1540211035893,"mc":[{"id":"1.149846114","rc":[{"ltp":2.76,"id":2923342},{"ltp":1.56,"id":7640637}]}]}
{"op":"mcm","clk":"7775507670","pt":1540211095989,"mc":[{"id":"1.149846114","rc":[{"ltp":2.44,"id":2923342},{"ltp":1.71,"id":7640637}]}]}
{"op":"mcm","clk":"7775512387","pt":1540211156022,"mc":[{"id":"1.149846114","rc":[{"ltp":2.08,"id":2923342},{"ltp":1.92,"id":7640637}]}]}
{"op":"mcm","clk":"7775517009","pt":1540211215793,"mc":[{"id":"1.149846114","rc":[{"ltp":2.6,"id":2923342},{"ltp":1.62,"id":7640637}]}]}
{"op":"mcm","clk":"7775532621","pt":1540211275771,"mc":[{"id":"1.149846114","rc":[{"ltp":2.18,"id":2923342},{"ltp":1.93,"id":7640637}]}]}
{"op":"mcm","clk":"7775537996","pt":1540211335955,"mc":[{"id":"1.149846114","rc":[{"ltp":1.79,"id":2923342},{"ltp":2.28,"id":7640637}]}]}
{"op":"mcm","clk":"7775543939","pt":1540211395971,"mc":[{"id":"1.149846114","rc":[{"ltp":1.81,"id":2923342},{"ltp":2.24,"id":7640637}]}]}
{"op":"mcm","clk":"7775550233","pt":1540211455878,"mc":[{"id":"1.149846114","rc":[{"ltp":1.69,"id":2923342},{"ltp":2.44,"id":7640637}]}]}
{"op":"mcm","clk":"7775555976","pt":1540211515814,"mc":[{"id":"1.149846114","rc":[{"ltp":1.55,"id":2923342},{"ltp":2.8,"id":7640637}]}]}
{"op":"mcm","clk":"7775561044","pt":1540211575753,"mc":[{"id":"1.149846114","rc":[{"ltp":1.69,"id":2923342},{"ltp":2.48,"id":7640637}]}]}
{"op":"mcm","clk":"7775566346","pt":1540211635772,"mc":[{"id":"1.149846114","rc":[{"ltp":1.54,"id":2923342},{"ltp":2.86,"id":7640637}]}]}
{"op":"mcm","clk":"7775571689","pt":1540211695976,"mc":[{"id":"1.149846114","rc":[{"ltp":1.55,"id":2923342},{"ltp":2.82,"id":7640637}]}]}
{"op":"mcm","clk":"7775576726","pt":1540211756014,"mc":[{"id":"1.149846114","rc":[{"ltp":1.46,"id":2923342},{"ltp":3.2,"id":7640637}]}]}
{"op":"mcm","clk":"7775581636","pt":1540211815843,"mc":[{"id":"1.149846114","rc":[{"ltp":1.55,"id":2923342},{"ltp":2.8,"id":7640637}]}]}
{"op":"mcm","clk":"7775586770","pt":1540211875981,"mc":[{"id":"1.149846114","rc":[{"ltp":1.69,"id":2923342},{"ltp":2.44,"id":7640637}]}]}
{"op":"mcm","clk":"7775591981","pt":1540211935907,"mc":[{"id":"1.149846114","rc":[{"ltp":1.74,"id":2923342},{"ltp":2.34,"id":7640637}]}]}
{"op":"mcm","clk":"7775596325","pt":1540211995725,"mc":[{"id":"1.149846114","rc":[{"ltp":1.76,"id":2923342},{"ltp":2.3,"id":7640637}]}]}
{"op":"mcm","clk":"7775600464","pt":1540212055640,"mc":[{"id":"1.149846114","rc":[{"ltp":1.78,"id":2923342}]}]}
{"op":"mcm","clk":"7775604434","pt":1540212116009,"mc":[{"id":"1.149846114","rc":[{"ltp":1.57,"id":2923342},{"ltp":2.74,"id":7640637}]}]}
{"op":"mcm","clk":"7775619380","pt":1540212175984,"mc":[{"id":"1.149846114","rc":[{"ltp":1.64,"id":2923342},{"ltp":2.58,"id":7640637}]}]}
{"op":"mcm","clk":"7775623594","pt":1540212236028,"mc":[{"id":"1.149846114","rc":[{"ltp":1.77,"id":2923342},{"ltp":2.3,"id":7640637}]}]}
{"op":"mcm","clk":"7775627723","pt":1540212295128,"mc":[{"id":"1.149846114","rc":[{"ltp":1.8,"id":2923342},{"ltp":2.24,"id":7640637}]}]}
{"op":"mcm","clk":"7775632004","pt":1540212355489,"mc":[{"id":"1.149846114","rc":[{"ltp":2.26,"id":7640637}]}]}
{"op":"mcm","clk":"7775636805","pt":1540212415969,"mc":[{"id":"1.149846114","rc":[{"ltp":2.08,"id":2923342},{"ltp":1.93,"id":7640637}]}]}
{"op":"mcm","clk":"7775641788","pt":1540212476030,"mc":[{"id":"1.149846114","rc":[{"ltp":2.2,"id":2923342},{"ltp":1.83,"id":7640637}]}]}
{"op":"mcm","clk":"7775647119","pt":1540212535968,"mc":[{"id":"1.149846114","rc":[{"ltp":2.18,"id":2923342},{"ltp":1.91,"id":7640637}]}]}
{"op":"mcm","clk":"7775652004","pt":1540212595807,"mc":[{"id":"1.149846114","rc":[{"ltp":1.84,"id":2923342},{"ltp":2.18,"id":7640637}]}]}
{"op":"mcm","clk":"7775656977","pt":1540212656026,"mc":[{"id":"1.149846114","rc":[{"ltp":1.85,"id":2923342},{"ltp":2.16,"id":7640637}]}]}
{"op":"mcm","clk":"7775661621","pt":1540212715731,"mc":[{"id":"1.149846114","rc":[{"ltp":1.74,"id":2923342},{"ltp":2.36,"id":7640637}]}]}
{"op":"mcm","clk":"7775666296","pt":1540212776015,"mc":[{"id":"1.149846114","rc":[{"ltp":1.63,"id":2923342},{"ltp":2.58,"id":7640637}]}]}
{"op":"mcm","clk":"7775671009","pt":1540212835996,"mc":[{"id":"1.149846114","rc":[{"ltp":1.51,"id":2923342},{"ltp":2.92,"id":7640637}]}]}
{"op":"mcm","clk":"7775675886","pt":1540212896019,"mc":[{"id":"1.149846114","rc":[{"ltp":1.4,"id":2923342},{"ltp":3.5,"id":7640637}]}]}
{"op":"mcm","clk":"7775680950","pt":1540212955819,"mc":[{"id":"1.149846114","rc":[{"ltp":1.34,"id":2923342},{"ltp":3.85,"id":7640637}]}]}
{"op":"mcm","clk":"7775685848","pt":1540213015590,"mc":[{"id":"1.149846114","rc":[{"ltp":1.41,"id":2923342},{"ltp":3.4,"id":7640637}]}]}
{"op":"mcm","clk":"7775701293","pt":1540213076020,"mc":[{"id":"1.149846114","rc":[{"ltp":1.7,"id":2923342},{"ltp":2.4,"id":7640637}]}]}
{"op":"mcm","clk":"7775706052","pt":1540213135891,"mc":[{"id":"1.149846114","rc":[{"ltp":1.81,"id":2923342},{"ltp":2.22,"id":7640637}]}]}
{"op":"mcm","clk":"7775710544","pt":1540213195721,"mc":[{"id":"1.149846114","rc":[{"ltp":1.83,"id":2923342},{"ltp":2.2,"id":7640637}]}]}
{"op":"mcm","clk":"7775715599","pt":1540213256021,"mc":[{"id":"1.149846114","rc":[{"ltp":1.65,"id":2923342},{"ltp":2.52,"id":7640637}]}]}
{"op":"mcm","clk":"7775720727","pt":1540213315732,"mc":[{"id":"1.149846114","rc":[{"ltp":1.83,"id":2923342},{"ltp":2.2,"id":7640637}]}]}
{"op":"mcm","clk":"7775725709","pt":1540213375703,"mc":[{"id":"1.149846114","rc":[{"ltp":1.86,"id":2923342},{"ltp":2.12,"id":7640637}]}]}
{"op":"mcm","clk":"7775731589","pt":1540213435736,"mc":[{"id":"1.149846114","rc":[{"ltp":2.16,"id":2923342},{"ltp":1.9,"id":7640637}]}]}
{"op":"mcm","clk":"7775737749","pt":1540213495909,"mc":[{"id":"1.149846114","rc":[{"ltp":2.5,"id":2923342},{"ltp":1.66,"id":7640637}]}]}
{"op":"mcm","clk":"7775744170","pt":1540213555887,"mc":[{"id":"1.149846114","rc":[{"ltp":2.28,"id":2923342},{"ltp":1.78,"id":7640637}]}]}
{"op":"mcm","clk":"7775750780","pt":1540213615252,"mc":[{"id":"1.149846114","rc":[{"ltp":2.14,"id":2923342},{"ltp":1.93,"id":7640637}]}]}
{"op":"mcm","clk":"7775756942","pt":1540213675859,"mc":[{"id":"1.149846114","rc":[{"ltp":2.48,"id":2923342},{"ltp":1.67,"id":7640637}]}]}
{"op":"mcm","clk":"7775762287","pt":1540213735372,"mc":[{"id":"1.149846114","rc":[{"ltp":2.26,"id":2923342},{"ltp":1.82,"id":7640637}]}]}
{"op":"mcm","clk":"7775767943","pt":1540213795916,"mc":[{"id":"1.149846114","rc":[{"ltp":2.24,"id":2923342},{"ltp":1.79,"id":7640637}]}]}
{"op":"mcm","clk":"7775773608","pt":1540213856017,"mc":[{"id":"1.149846114","rc":[{"ltp":2.2,"id":2923342},{"ltp":1.82,"id":7640637}]}]}
{"op":"mcm","clk":"7775779319","pt":1540213915973,"mc":[{"id":"1.149846114","rc":[{"ltp":2.44,"id":2923342},{"ltp":1.69,"id":7640637}]}]}
{"op":"mcm","clk":"7775795416","pt":1540213975386,"mc":[{"id":"1.149846114","rc":[{"ltp":2.24,"id":2923342},{"ltp":1.78,"id":7640637}]}]}
{"op":"mcm","clk":"7775801114","pt":1540214035883,"mc":[{"id":"1.149846114","rc":[{"ltp":2.46,"id":2923342},{"ltp":1.62,"id":7640637}]}]}
{"op":"mcm","clk":"7775806768","pt":1540214095885,"mc":[{"id":"1.149846114","rc":[{"ltp":2.58,"id":2923342},{"ltp":1.63,"id":7640637}]}]}
{"op":"mcm","clk":"7775812338","pt":1540214155930,"mc":[{"id":"1.149846114","rc":[{"ltp":2.6,"id":2923342},{"ltp":1.61,"id":7640637}]}]}
{"op":"mcm","clk":"7775818749","pt":1540214215869,"mc":[{"id":"1.149846114","rc":[{"ltp":2.42,"id":2923342},{"ltp":1.7,"id":7640637}]}]}
{"op":"mcm","clk":"7775824566","pt":1540214275915,"mc":[{"id":"1.149846114","rc":[{"ltp":2.5,"id":2923342},{"ltp":1.66,"id":7640637}]}]}
{"op":"mcm","clk":"7775830181","pt":1540214335832,"mc":[{"id":"1.149846114","rc":[{"ltp":2.34,"id":2923342},{"ltp":1.73,"id":7640637}]}]}
{"op":"mcm","clk":"7775836064","pt":1540214395777,"mc":[{"id":"1.149846114","rc":[{"ltp":2.12,"id":2923342},{"ltp":1.89,"id":7640637}]}]}
{"op":"mcm","clk":"7775842975","pt":1540214455983,"mc":[{"id":"1.149846114","rc":[{"ltp":2.08,"id":2923342},{"ltp":2.04,"id":7640637}]}]}
{"op":"mcm","clk":"7775849899","pt":1540214515934,"mc":[{"id":"1.149846114","rc":[{"ltp":2.26,"id":2923342},{"ltp":1.8,"id":7640637}]}]}
{"op":"mcm","clk":"7775856280","pt":1540214575884,"mc":[{"id":"1.149846114","rc":[{"ltp":1.99,"id":2923342},{"ltp":2.02,"id":7640637}]}]}
{"op":"mcm","clk":"7775863074","pt":1540214635979,"mc":[{"id":"1.149846114","rc":[{"ltp":1.79,"id":2923342},{"ltp":2.26,"id":7640637}]}]}
{"op":"mcm","clk":"7775868559","pt":1540214695822,"mc":[{"id":"1.149846114","rc":[{"ltp":2.24,"id":7640637}]}]}
{"op":"mcm","clk":"7775873369","pt":1540214756019,"mc":[{"id":"1.149846114","rc":[{"ltp":1.72,"id":2923342},{"ltp":2.42,"id":7640637}]}]}
{"op":"mcm","clk":"7775878248","pt":1540214815927,"mc":[{"id":"1.149846114","rc":[{"ltp":2.36,"id":2923342},{"ltp":1.74,"id":7640637}]}]}
{"op":"mcm","clk":"7775894220","pt":1540214875958,"mc":[{"id":"1.149846114","rc":[{"ltp":2.68,"id":2923342},{"ltp":1.6,"id":7640637}]}]}
{"op":"mcm","clk":"7775899821","pt":1540214935964,"mc":[{"id":"1.149846114","rc":[{"ltp":2.64,"id":2923342},{"ltp":1.62,"id":7640637}]}]}
{"op":"mcm","clk":"7775905104","pt":1540214996007,"mc":[{"id":"1.149846114","rc":[{"ltp":2.62,"id":2923342},{"ltp":1.61,"id":7640637}]}]}
{"op":"mcm","clk":"7775910176","pt":1540215055936,"mc":[{"id":"1.149846114","rc":[{"ltp":2.32,"id":2923342},{"ltp":1.73,"id":7640637}]}]}
{"op":"mcm","clk":"7775915102","pt":1540215115979,"mc":[{"id":"1.149846114","rc":[{"ltp":2.58,"id":2923342},{"ltp":1.66,"id":7640637}]}]}
{"op":"mcm","clk":"7775919835","pt":1540215175841,"mc":[{"id":"1.149846114","rc":[{"ltp":2.16,"id":2923342},{"ltp":1.86,"id":7640637}]}]}
{"op":"mcm","clk":"7775925103","pt":1540215235935,"mc":[{"id":"1.149846114","rc":[{"ltp":2.12,"id":2923342},{"ltp":1.89,"id":7640637}]}]}
{"op":"mcm","clk":"7775930111","pt":1540215295991,"mc":[{"id":"1.149846114","rc":[{"ltp":2.16,"id":2923342},{"ltp":1.88,"id":7640637}]}]}
{"op":"mcm","clk":"7775935538","pt":1540215356001,"mc":[{"id":"1.149846114","rc":[{"ltp":1.75,"id":2923342},{"ltp":2.3,"id":7640637}]}]}
{"op":"mcm","clk":"7775941187","pt":1540215415828,"mc":[{"id":"1.149846114","rc":[{"ltp":1.95,"id":2923342},{"ltp":2.32,"id":7640637}]}]}
{"op":"mcm","clk":"7775946881","pt":1540215475661,"mc":[{"id":"1.149846114","rc":[{"ltp":2.2,"id":2923342},{"ltp":1.82,"id":7640637}]}]}
{"op":"mcm","clk":"7775953102","pt":1540215535840,"mc":[{"id":"1.149846114","rc":[{"ltp":2.46,"id":2923342},{"ltp":1.74,"id":7640637}]}]}
{"op":"mcm","clk":"7775958945","pt":1540215595999,"mc":[{"id":"1.149846114","rc":[{"ltp":2.22,"id":2923342},{"ltp":1.7,"id":7640637}]}]}
{"op":"mcm","clk":"7775965029","pt":1540215655842,"mc":[{"id":"1.149846114","rc":[{"ltp":1.63,"id":2923342},{"ltp":2.58,"id":7640637}]}]}
{"op":"mcm","clk":"7775971707","pt":1540215715840,"mc":[{"id":"1.149846114","rc":[{"ltp":1.48,"id":2923342},{"ltp":3.05,"id":7640637}]}]}
{"op":"mcm","clk":"7775989907","pt":1540215776023,"mc":[{"id":"1.149846114","rc":[{"ltp":1.47,"id":2923342},{"ltp":3.1,"id":7640637}]}]}
{"op":"mcm","clk":"7776002537","pt":1540215895798,"mc":[{"id":"1.149846114","rc":[{"ltp":1.57,"id":2923342},{"ltp":2.78,"id":7640637}]}]}
{"op":"mcm","clk":"7776007782","pt":1540215955978,"mc":[{"id":"1.149846114","rc":[{"ltp":1.59,"id":2923342},{"ltp":2.74,"id":7640637}]}]}
{"op":"mcm","clk":"7776012595","pt":1540216015842,"mc":[{"id":"1.149846114","rc":[{"ltp":1.44,"id":2923342},{"ltp":3.25,"id":7640637}]}]}
{"op":"mcm","clk":"7776017480","pt":1540216075959,"mc":[{"id":"1.149846114","rc":[{"ltp":1.45,"id":2923342},{"ltp":3.15,"id":7640637}]}]}
{"op":"mcm","clk":"7776022014","pt":1540216136026,"mc":[{"id":"1.149846114","rc":[{"ltp":1.55,"id":2923342},{"ltp":2.78,"id":7640637}]}]}
{"op":"mcm","clk":"7776026603","pt":1540216195637,"mc":[{"id":"1.149846114","rc":[{"ltp":1.68,"id":2923342},{"ltp":2.46,"id":7640637}]}]}
{"op":"mcm","clk":"7776030827","pt":1540216255466,"mc":[{"id":"1.149846114","rc":[{"ltp":1.67,"id":2923342},{"ltp":2.5,"id":7640637}]}]}
{"op":"mcm","clk":"7776034738","pt":1540216315839,"mc":[{"id":"1.149846114","rc":[{"ltp":1.57,"id":2923342},{"ltp":2.78,"id":7640637}]}]}
{"op":"mcm","clk":"7776038841","pt":1540216375978,"mc":[{"id":"1.149846114","rc":[{"ltp":1.56,"id":2923342}]}]}
{"op":"mcm","clk":"7776042897","pt":1540216436029,"mc":[{"id":"1.149846114","rc":[{"ltp":1.53,"id":2923342}]}]}
{"op":"mcm","clk":"7776047632","pt":1540216495973,"mc":[{"id":"1.149846114","rc":[{"ltp":1.4,"id":2923342},{"ltp":3.55,"id":7640637}]}]}
{"op":"mcm","clk":"7776052252","pt":1540216555926,"mc":[{"id":"1.149846114","rc":[{"ltp":1.28,"id":2923342},{"ltp":4.6,"id":7640637}]}]}
{"op":"mcm","clk":"7776057184","pt":1540216615872,"mc":[{"id":"1.149846114","rc":[{"ltp":1.15,"id":2923342},{"ltp":7.6,"id":7640637}]}]}
{"op":"mcm","clk":"7776072739","pt":1540216676010,"mc":[{"id":"1.149846114","rc":[{"ltp":1.17,"id":2923342},{"ltp":6.4,"id":7640637}]}]}
{"op":"mcm","clk":"7776078084","pt":1540216735963,"mc":[{"id":"1.149846114","rc":[{"ltp":1.11,"id":2923342},{"ltp":9.4,"id":7640637}]}]}
{"op":"mcm","clk":"7776083786","pt":1540216795925,"mc":[{"id":"1.149846114","rc":[{"ltp":1.1,"id":2923342},{"ltp":10.0,"id":7640637}]}]}
{"op":"mcm","clk":"7776089552","pt":1540216855854,"mc":[{"id":"1.149846114","rc":[{"ltp":1.08,"id":2923342},{"ltp":13.5,"id":7640637}]}]}
{"op":"mcm","clk":"7776095711","pt":1540216915782,"mc":[{"id":"1.149846114","rc":[{"ltp":1.04,"id":2923342},{"ltp":34.0,"id":7640637}]}]}
{"op":"mcm","clk":"7776101707","pt":1540216975698,"mc":[{"id":"1.149846114","rc":[{"ltp":1.02,"id":2923342},{"ltp":50.0,"id":7640637}]}]}
{"op":"mcm","clk":"7776107625","pt":1540217035640,"mc":[{"id":"1.149846114","rc":[{"ltp":80.0,"id":7640637}]}]}
{"op":"mcm","clk":"7776113405","pt":1540217095865,"mc":[{"id":"1.149846114","rc":[{"ltp":1.03,"id":2923342},{"ltp":40.0,"id":7640637}]}]}
{"op":"mcm","clk":"7776119087","pt":1540217155810,"mc":[{"id":"1.149846114","rc":[{"ltp":1.02,"id":2923342},{"ltp":50.0,"id":7640637}]}]}
{"op":"mcm","clk":"7776124529","pt":1540217214396,"mc":[{"id":"1.149846114","marketDefinition":{"bspMarket":false,"turnInPlayEnabled":true,"persistenceEnabled":true,"marketBaseRate":5.0,"eventId":"28964693","eventTypeId":"2","numberOfWinners":1,"bettingType":"ODDS","marketType":"MATCH_ODDS","marketTime":"2018-10-22T11:19:00.000Z","suspendTime":"2018-10-22T11:19:00.000Z","bspReconciled":false,"complete":true,"inPlay":true,"crossMatching":true,"runnersVoidable":false,"numberOfActiveRunners":2,"betDelay":5,"status":"SUSPENDED","runners":[{"status":"ACTIVE","sortPriority":1,"id":7640637,"name":"Naomi Osaka"},{"status":"ACTIVE","sortPriority":2,"id":2923342,"name":"Sloane Stephens"}],"regulators":["MR_INT"],"countryCode":"SG","discountAllowed":true,"timezone":"UTC","openDate":"2018-10-22T11:19:00.000Z","version":2470699892,"name":"Match Odds","eventName":"N Osaka v Stephens"},"rc":[{"ltp":95.0,"id":7640637}]}]}
{"op":"mcm","clk":"7776128126","pt":1540217257521,"mc":[{"id":"1.149846114","marketDefinition":{"bspMarket":false,"turnInPlayEnabled":true,"persistenceEnabled":true,"marketBaseRate":5.0,"eventId":"28964693","eventTypeId":"2","numberOfWinners":1,"bettingType":"ODDS","marketType":"MATCH_ODDS","marketTime":"2018-10-22T11:19:00.000Z","suspendTime":"2018-10-22T11:19:00.000Z","bspReconciled":false,"complete":true,"inPlay":true,"crossMatching":false,"runnersVoidable":false,"numberOfActiveRunners":0,"betDelay":5,"status":"CLOSED","settledTime":"2018-10-22T14:06:59.000Z","runners":[{"status":"LOSER","sortPriority":1,"id":7640637,"name":"Naomi Osaka"},{"status":"WINNER","sortPriority":2,"id":2923342,"name":"Sloane Stephens"}],"regulators":["MR_INT"],"countryCode":"SG","discountAllowed":true,"timezone":"UTC","openDate":"2018-10-22T11:19:00.000Z","version":2470700022,"name":"Match Odds","eventName":"N Osaka v Stephens"}}]}
