{"op":"mcm","clk":"7690642916","pt":1539964147236,"mc":[{"id":"1.149859592","marketDefinition":{"bspMarket":false,"turnInPlayEnabled":true,"persistenceEnabled":true,"marketBaseRate":5.0,"eventId":"28965058","eventTypeId":"2","numberOfWinners":1,"bettingType":"ODDS","marketType":"MATCH_ODDS","marketTime":"2018-10-20T10:00:00.000Z","suspendTime":"2018-10-20T10:00:00.000Z","bspReconciled":false,"complete":true,"inPlay":false,"crossMatching":true,"runnersVoidable":false,"numberOfActiveRunners":2,"betDelay":0,"status":"OPEN","runners":[{"status":"ACTIVE","sortPriority":1,"id":7795290,"name":"Daria Kasatkina"},{"status":"ACTIVE","sortPriority":2,"id":6161111,"name":"Ons Jabeur"}],"regulators":["MR_INT"],"countryCode":"RU","discountAllowed":true,"timezone":"UTC","openDate":"2018-10-20T10:00:00.000Z","version":2461795368,"name":"Match Odds","eventName":"Kasatkina v Jabeur"}}]}
{"op":"mcm","clk":"7691201583","pt":1539968577679,"mc":[{"id":"1.149859592","rc":[{"ltp":1.71,"id":7795290},{"ltp":2.4,"id":6161111}]}]}
{"op":"mcm","clk":"7691276367","pt":1539969001073,"mc":[{"id":"1.149859592","rc":[{"ltp":1.58,"id":7795290}]}]}
{"op":"mcm","clk":"7691615626","pt":1539971154340,"mc":[{"id":"1.149859592","rc":[{"ltp":1.56,"id":7795290}]}]}
{"op":"mcm","clk":"7691622177","pt":1539971198556,"mc":[{"id":"1.149859592","rc":[{"ltp":1.57,"id":7795290},{"ltp":2.76,"id":6161111}]}]}
{"op":"mcm","clk":"7691736777","pt":1539971893109,"mc":[{"id":"1.149859592","rc":[{"ltp":1.53,"id":7795290},{"ltp":2.88,"id":6161111}]}]}
{"op":"mcm","clk":"7692820859","pt":1539977027088,"mc":[{"id":"1.149859592","rc":[{"ltp":1.54,"id":7795290},{"ltp":2.82,"id":6161111}]}]}
{"op":"mcm","clk":"7692867915","pt":1539977276670,"mc":[{"id":"1.149859592","rc":[{"ltp":1.53,"id":7795290},{"ltp":2.88,"id":6161111}]}]}
{"op":"mcm","clk":"7692913811","pt":1539977538284,"mc":[{"id":"1.149859592","rc":[{"ltp":1.54,"id":7795290}]}]}
{"op":"mcm","clk":"7692939127","pt":1539977688574,"mc":[{"id":"1.149859592","rc":[{"ltp":2.8,"id":6161111}]}]}
{"op":"mcm","clk":"7693092091","pt":1539978502110,"mc":[{"id":"1.149859592","rc":[{"ltp":1.57,"id":7795290}]}]}
{"op":"mcm","clk":"7693390366","pt":1539980555474,"mc":[{"id":"1.149859592","rc":[{"ltp":1.53,"id":7795290}]}]}
{"op":"mcm","clk":"7693400127","pt":1539980637874,"mc":[{"id":"1.149859592","rc":[{"ltp":2.88,"id":6161111}]}]}
{"op":"mcm","clk":"7693418270","pt":1539980808082,"mc":[{"id":"1.149859592","rc":[{"ltp":2.92,"id":6161111}]}]}
{"op":"mcm","clk":"7693551694","pt":1539982255081,"mc":[{"id":"1.149859592","rc":[{"ltp":1.54,"id":7795290}]}]}
{"op":"mcm","clk":"7693621160","pt":1539983036739,"mc":[{"id":"1.149859592","rc":[{"ltp":1.56,"id":7795290},{"ltp":2.8,"id":6161111}]}]}
{"op":"mcm","clk":"7693632544","pt":1539983218014,"mc":[{"id":"1.149859592","rc":[{"ltp":1.52,"id":7795290},{"ltp":2.92,"id":6161111}]}]}
{"op":"mcm","clk":"7693654413","pt":1539983275172,"mc":[{"id":"1.149859592","rc":[{"ltp":2.78,"id":6161111}]}]}
{"op":"mcm","clk":"7693745663","pt":1539984294540,"mc":[{"id":"1.149859592","rc":[{"ltp":2.8,"id":6161111}]}]}
{"op":"mcm","clk":"7693752456","pt":1539984419930,"mc":[{"id":"1.149859592","rc":[{"ltp":1.53,"id":7795290}]}]}
{"op":"mcm","clk":"7693845577","pt":1539985714548,"mc":[{"id":"1.149859592","rc":[{"ltp":2.78,"id":6161111}]}]}
{"op":"mcm","clk":"7693876959","pt":1539985975654,"mc":[{"id":"1.149859592","rc":[{"ltp":1.54,"id":7795290}]}]}
{"op":"mcm","clk":"7693898304","pt":1539986452567,"mc":[{"id":"1.149859592","rc":[{"ltp":2.82,"id":6161111}]}]}
{"op":"mcm","clk":"7693907214","pt":1539986638213,"mc":[{"id":"1.149859592","rc":[{"ltp":1.53,"id":7795290},{"ltp":2.9,"id":6161111}]}]}
{"op":"mcm","clk":"7693972948","pt":1539987521979,"mc":[{"id":"1.149859592","rc":[{"ltp":1.54,"id":7795290},{"ltp":2.84,"id":6161111}]}]}
{"op":"mcm","clk":"7693974460","pt":1539987543663,"mc":[{"id":"1.149859592","rc":[{"ltp":2.88,"id":6161111}]}]}
{"op":"mcm","clk":"7694019284","pt":1539987956044,"mc":[{"id":"1.149859592","rc":[{"ltp":2.84,"id":6161111}]}]}
{"op":"mcm","clk":"7694026409","pt":1539988060590,"mc":[{"id":"1.149859592","rc":[{"ltp":1.53,"id":7795290},{"ltp":2.88,"id":6161111}]}]}
{"op":"mcm","clk":"7694055090","pt":1539988493672,"mc":[{"id":"1.149859592","rc":[{"ltp":1.51,"id":7795290}]}]}
{"op":"mcm","clk":"7694059610","pt":1539988561931,"mc":[{"id":"1.149859592","rc":[{"ltp":2.9,"id":6161111}]}]}
{"op":"mcm","clk":"7694084111","pt":1539988676748,"mc":[{"id":"1.149859592","rc":[{"ltp":2.98,"id":6161111}]}]}
{"op":"mcm","clk":"7694100740","pt":1539988948503,"mc":[{"id":"1.149859592","rc":[{"ltp":1.53,"id":7795290},{"ltp":2.9,"id":6161111}]}]}
{"op":"mcm","clk":"7694114435","pt":1539989221844,"mc":[{"id":"1.149859592","rc":[{"ltp":1.54,"id":7795290},{"ltp":2.92,"id":6161111}]}]}
{"op":"mcm","clk":"7694166330","pt":1539989870801,"mc":[{"id":"1.149859592","rc":[{"ltp":1.52,"id":7795290}]}]}
{"op":"mcm","clk":"7694184487","pt":1539990219373,"mc":[{"id":"1.149859592","rc":[{"ltp":2.88,"id":6161111}]}]}
{"op":"mcm","clk":"7694235214","pt":1539990848836,"mc":[{"id":"1.149859592","rc":[{"ltp":1.51,"id":7795290}]}]}
{"op":"mcm","clk":"7694377909","pt":1539992272724,"mc":[{"id":"1.149859592","rc":[{"ltp":1.52,"id":7795290}]}]}
{"op":"mcm","clk":"7694412853","pt":1539992797108,"mc":[{"id":"1.149859592","rc":[{"ltp":1.51,"id":7795290}]}]}
{"op":"mcm","clk":"7694637129","pt":1539995158674,"mc":[{"id":"1.149859592","rc":[{"ltp":1.52,"id":7795290},{"ltp":2.92,"id":6161111}]}]}
{"op":"mcm","clk":"7694658322","pt":1539995401851,"mc":[{"id":"1.149859592","rc":[{"ltp":1.5,"id":7795290},{"ltp":3.0,"id":6161111}]}]}
{"op":"mcm","clk":"7694749376","pt":1539996302114,"mc":[{"id":"1.149859592","rc":[{"ltp":1.47,"id":7795290}]}]}
{"op":"mcm","clk":"7695078606","pt":1539999301381,"mc":[{"id":"1.149859592","rc":[{"ltp":1.48,"id":7795290}]}]}
{"op":"mcm","clk":"7695175295","pt":1540000139645,"mc":[{"id":"1.149859592","rc":[{"ltp":3.05,"id":6161111}]}]}
{"op":"mcm","clk":"7695279084","pt":1540001219652,"mc":[{"id":"1.149859592","rc":[{"ltp":3.1,"id":6161111}]}]}
{"op":"mcm","clk":"7695412793","pt":1540002571487,"mc":[{"id":"1.149859592","rc":[{"ltp":1.49,"id":7795290},{"ltp":3.05,"id":6161111}]}]}
{"op":"mcm","clk":"7695508727","pt":1540003737070,"mc":[{"id":"1.149859592","rc":[{"ltp":1.48,"id":7795290}]}]}
{"op":"mcm","clk":"7695519227","pt":1540003897002,"mc":[{"id":"1.149859592","rc":[{"ltp":1.47,"id":7795290}]}]}
{"op":"mcm","clk":"7695557477","pt":1540004299365,"mc":[{"id":"1.149859592","rc":[{"ltp":1.48,"id":7795290}]}]}
{"op":"mcm","clk":"7695605367","pt":1540004989170,"mc":[{"id":"1.149859592","rc":[{"ltp":1.47,"id":7795290},{"ltp":3.1,"id":6161111}]}]}
{"op":"mcm","clk":"7695695024","pt":1540006179122,"mc":[{"id":"1.149859592","rc":[{"ltp":1.48,"id":7795290}]}]}
{"op":"mcm","clk":"7695763579","pt":1540007246899,"mc":[{"id":"1.149859592","rc":[{"ltp":1.47,"id":7795290}]}]}
{"op":"mcm","clk":"7695974023","pt":1540009709078,"mc":[{"id":"1.149859592","rc":[{"ltp":1.48,"id":7795290}]}]}
{"op":"mcm","clk":"7695984998","pt":1540009843150,"mc":[{"id":"1.149859592","rc":[{"ltp":3.05,"id":6161111}]}]}
{"op":"mcm","clk":"7696000255","pt":1540010034945,"mc":[{"id":"1.149859592","rc":[{"ltp":1.49,"id":7795290}]}]}
{"op":"mcm","clk":"7696037047","pt":1540010285888,"mc":[{"id":"1.149859592","rc":[{"ltp":1.5,"id":7795290},{"ltp":3.0,"id":6161111}]}]}
{"op":"mcm","clk":"7696246966","pt":1540012654437,"mc":[{"id":"1.149859592","rc":[{"ltp":1.49,"id":7795290}]}]}
{"op":"mcm","clk":"7696309690","pt":1540013195895,"mc":[{"id":"1.149859592","rc":[{"ltp":1.5,"id":7795290}]}]}
{"op":"mcm","clk":"7696320572","pt":1540013321271,"mc":[{"id":"1.149859592","rc":[{"ltp":1.49,"id":7795290}]}]}
{"op":"mcm","clk":"7696354901","pt":1540013684506,"mc":[{"id":"1.149859592","rc":[{"ltp":1.5,"id":7795290}]}]}
{"op":"mcm","clk":"7696411287","pt":1540014090180,"mc":[{"id":"1.149859592","rc":[{"ltp":1.49,"id":7795290}]}]}
{"op":"mcm","clk":"7696518250","pt":1540015256785,"mc":[{"id":"1.149859592","rc":[{"ltp":1.5,"id":7795290}]}]}
{"op":"mcm","clk":"7696535658","pt":1540015440252,"mc":[{"id":"1.149859592","rc":[{"ltp":1.51,"id":7795290},{"ltp":2.98,"id":6161111}]}]}
{"op":"mcm","clk":"7696541971","pt":1540015500820,"mc":[{"id":"1.149859592","rc":[{"ltp":1.5,"id":7795290}]}]}
{"op":"mcm","clk":"7696634368","pt":1540016258993,"mc":[{"id":"1.149859592","rc":[{"ltp":1.51,"id":7795290},{"ltp":2.96,"id":6161111}]}]}
{"op":"mcm","clk":"7696637445","pt":1540016289511,"mc":[{"id":"1.149859592","rc":[{"ltp":1.5,"id":7795290}]}]}
{"op":"mcm","clk":"7696692898","pt":1540016686411,"mc":[{"id":"1.149859592","rc":[{"ltp":1.51,"id":7795290}]}]}
{"op":"mcm","clk":"7696707703","pt":1540016837785,"mc":[{"id":"1.149859592","rc":[{"ltp":1.5,"id":7795290}]}]}
{"op":"mcm","clk":"7696761226","pt":1540017255481,"mc":[{"id":"1.149859592","rc":[{"ltp":3.0,"id":6161111}]}]}
{"op":"mcm","clk":"7696803590","pt":1540017514355,"mc":[{"id":"1.149859592","rc":[{"ltp":2.98,"id":6161111}]}]}
{"op":"mcm","clk":"7696828863","pt":1540017763928,"mc":[{"id":"1.149859592","rc":[{"ltp":1.51,"id":7795290}]}]}
{"op":"mcm","clk":"7696831711","pt":1540017796905,"mc":[{"id":"1.149859592","rc":[{"ltp":1.5,"id":7795290}]}]}
{"op":"mcm","clk":"7696862084","pt":1540018130273,"mc":[{"id":"1.149859592","rc":[{"ltp":1.49,"id":7795290}]}]}
{"op":"mcm","clk":"7696899614","pt":1540018373488,"mc":[{"id":"1.149859592","rc":[{"ltp":1.5,"id":7795290},{"ltp":3.0,"id":6161111}]}]}
{"op":"mcm","clk":"7696915535","pt":1540018571203,"mc":[{"id":"1.149859592","rc":[{"ltp":1.49,"id":7795290}]}]}
{"op":"mcm","clk":"7696937948","pt":1540018858096,"mc":[{"id":"1.149859592","rc":[{"ltp":1.5,"id":7795290}]}]}
{"op":"mcm","clk":"7696958657","pt":1540019140202,"mc":[{"id":"1.149859592","rc":[{"ltp":1.49,"id":7795290}]}]}
{"op":"mcm","clk":"7697032635","pt":1540019821960,"mc":[{"id":"1.149859592","rc":[{"ltp":3.05,"id":6161111}]}]}
{"op":"mcm","clk":"7697037347","pt":1540019877350,"mc":[{"id":"1.149859592","rc":[{"ltp":1.48,"id":7795290}]}]}
{"op":"mcm","clk":"7697042994","pt":1540019941237,"mc":[{"id":"1.149859592","rc":[{"ltp":1.47,"id":7795290}]}]}
{"op":"mcm","clk":"7697054503","pt":1540020061920,"mc":[{"id":"1.149859592","rc":[{"ltp":1.44,"id":7795290}]}]}
{"op":"mcm","clk":"7697060893","pt":1540020122161,"mc":[{"id":"1.149859592","rc":[{"ltp":1.45,"id":7795290},{"ltp":3.3,"id":6161111}]}]}
{"op":"mcm","clk":"7697084047","pt":1540020175404,"mc":[{"id":"1.149859592","rc":[{"ltp":1.47,"id":7795290}]}]}
{"op":"mcm","clk":"7697094070","pt":1540020280308,"mc":[{"id":"1.149859592","rc":[{"ltp":3.1,"id":6161111}]}]}
{"op":"mcm","clk":"7697128266","pt":1540020602085,"mc":[{"id":"1.149859592","rc":[{"ltp":3.15,"id":6161111}]}]}
{"op":"mcm","clk":"7697134559","pt":1540020661363,"mc":[{"id":"1.149859592","rc":[{"ltp":1.46,"id":7795290},{"ltp":3.2,"id":6161111}]}]}
{"op":"mcm","clk":"7697145680","pt":1540020775630,"mc":[{"id":"1.149859592","rc":[{"ltp":3.15,"id":6161111}]}]}
{"op":"mcm","clk":"7697151021","pt":1540020831076,"mc":[{"id":"1.149859592","rc":[{"ltp":3.2,"id":6161111}]}]}
{"op":"mcm","clk":"7697167307","pt":1540021000928,"mc":[{"id":"1.149859592","rc":[{"ltp":1.45,"id":7795290}]}]}
{"op":"mcm","clk":"7697228090","pt":1540021472108,"mc":[{"id":"1.149859592","rc":[{"ltp":1.46,"id":7795290}]}]}
{"op":"mcm","clk":"7697236128","pt":1540021533467,"mc":[{"id":"1.149859592","rc":[{"ltp":1.45,"id":7795290}]}]}
{"op":"mcm","clk":"7697324491","pt":1540022154211,"mc":[{"id":"1.149859592","rc":[{"ltp":1.43,"id":7795290}]}]}
{"op":"mcm","clk":"7697330911","pt":1540022222133,"mc":[{"id":"1.149859592","rc":[{"ltp":1.45,"id":7795290}]}]}
{"op":"mcm","clk":"7697338116","pt":1540022281543,"mc":[{"id":"1.149859592","rc":[{"ltp":1.44,"id":7795290}]}]}
{"op":"mcm","clk":"7697346004","pt":1540022342164,"mc":[{"id":"1.149859592","rc":[{"ltp":3.25,"id":6161111}]}]}
{"op":"mcm","clk":"7697350241","pt":1540022387493,"mc":[{"id":"1.149859592","rc":[{"ltp":1.45,"id":7795290}]}]}
{"op":"mcm","clk":"7697383687","pt":1540022696211,"mc":[{"id":"1.149859592","rc":[{"ltp":1.43,"id":7795290}]}]}
{"op":"mcm","clk":"7697435473","pt":1540022999538,"mc":[{"id":"1.149859592","rc":[{"ltp":1.44,"id":7795290}]}]}
{"op":"mcm","clk":"7697461746","pt":1540023225211,"mc":[{"id":"1.149859592","rc":[{"ltp":1.43,"id":7795290}]}]}
{"op":"mcm","clk":"7697498723","pt":1540023501628,"mc":[{"id":"1.149859592","rc":[{"ltp":1.44,"id":7795290}]}]}
{"op":"mcm","clk":"7697512240","pt":1540023596160,"mc":[{"id":"1.149859592","rc":[{"ltp":1.43,"id":7795290}]}]}
{"op":"mcm","clk":"7697519789","pt":1540023648517,"mc":[{"id":"1.149859592","rc":[{"ltp":3.3,"id":6161111}]}]}
{"op":"mcm","clk":"7697589041","pt":1540024019822,"mc":[{"id":"1.149859592","rc":[{"ltp":1.42,"id":7795290}]}]}
{"op":"mcm","clk":"7697644493","pt":1540024425576,"mc":[{"id":"1.149859592","rc":[{"ltp":1.43,"id":7795290}]}]}
{"op":"mcm","clk":"7697654785","pt":1540024499234,"mc":[{"id":"1.149859592","rc":[{"ltp":1.44,"id":7795290}]}]}
{"op":"mcm","clk":"7697662325","pt":1540024556228,"mc":[{"id":"1.149859592","rc":[{"ltp":3.25,"id":6161111}]}]}
{"op":"mcm","clk":"7697670680","pt":1540024622148,"mc":[{"id":"1.149859592","rc":[{"ltp":1.45,"id":7795290}]}]}
{"op":"mcm","clk":"7697704466","pt":1540024742111,"mc":[{"id":"1.149859592","rc":[{"ltp":3.2,"id":6161111}]}]}
{"op":"mcm","clk":"7697754983","pt":1540025100556,"mc":[{"id":"1.149859592","rc":[{"ltp":1.44,"id":7795290}]}]}
{"op":"mcm","clk":"7697764174","pt":1540025160893,"mc":[{"id":"1.149859592","rc":[{"ltp":1.45,"id":7795290}]}]}
{"op":"mcm","clk":"7697788689","pt":1540025277391,"mc":[{"id":"1.149859592","rc":[{"ltp":3.25,"id":6161111}]}]}
{"op":"mcm","clk":"7697815390","pt":1540025457080,"mc":[{"id":"1.149859592","rc":[{"ltp":1.44,"id":7795290}]}]}
{"op":"mcm","clk":"7697819711","pt":1540025487964,"mc":[{"id":"1.149859592","rc":[{"ltp":1.45,"id":7795290}]}]}
{"op":"mcm","clk":"7697849136","pt":1540025576879,"mc":[{"id":"1.149859592","rc":[{"ltp":1.44,"id":7795290}]}]}
{"op":"mcm","clk":"7697882898","pt":1540025821028,"mc":[{"id":"1.149859592","rc":[{"ltp":1.43,"id":7795290}]}]}
{"op":"mcm","clk":"7697893448","pt":1540025879032,"mc":[{"id":"1.149859592","rc":[{"ltp":1.44,"id":7795290},{"ltp":3.3,"id":6161111}]}]}
{"op":"mcm","clk":"7697901551","pt":1540025939893,"mc":[{"id":"1.149859592","rc":[{"ltp":1.43,"id":7795290},{"ltp":3.35,"id":6161111}]}]}
{"op":"mcm","clk":"7697956061","pt":1540026301221,"mc":[{"id":"1.149859592","rc":[{"ltp":3.4,"id":6161111}]}]}
{"op":"mcm","clk":"7697960741","pt":1540026328067,"mc":[{"id":"1.149859592","rc":[{"ltp":1.42,"id":7795290}]}]}
{"op":"mcm","clk":"7697974504","pt":1540026420832,"mc":[{"id":"1.149859592","rc":[{"ltp":3.35,"id":6161111}]}]}
{"op":"mcm","clk":"7698003126","pt":1540026480619,"mc":[{"id":"1.149859592","rc":[{"ltp":1.43,"id":7795290}]}]}
{"op":"mcm","clk":"7698024208","pt":1540026613978,"mc":[{"id":"1.149859592","rc":[{"ltp":1.42,"id":7795290}]}]}
{"op":"mcm","clk":"7698041150","pt":1540026716796,"mc":[{"id":"1.149859592","rc":[{"ltp":1.43,"id":7795290}]}]}
{"op":"mcm","clk":"7698050542","pt":1540026773015,"mc":[{"id":"1.149859592","rc":[{"ltp":1.42,"id":7795290}]}]}
{"op":"mcm","clk":"7698079472","pt":1540026950795,"mc":[{"id":"1.149859592","rc":[{"ltp":1.43,"id":7795290}]}]}
{"op":"mcm","clk":"7698100226","pt":1540027082016,"mc":[{"id":"1.149859592","rc":[{"ltp":3.3,"id":6161111}]}]}
{"op":"mcm","clk":"7698118902","pt":1540027191415,"mc":[{"id":"1.149859592","rc":[{"ltp":1.42,"id":7795290}]}]}
{"op":"mcm","clk":"7698132792","pt":1540027261261,"mc":[{"id":"1.149859592","rc":[{"ltp":1.43,"id":7795290}]}]}
{"op":"mcm","clk":"7698143709","pt":1540027321943,"mc":[{"id":"1.149859592","rc":[{"ltp":3.35,"id":6161111}]}]}
{"op":"mcm","clk":"7698171272","pt":1540027378520,"mc":[{"id":"1.149859592","rc":[{"ltp":3.3,"id":6161111}]}]}
{"op":"mcm","clk":"7698181531","pt":1540027435432,"mc":[{"id":"1.149859592","rc":[{"ltp":1.44,"id":7795290}]}]}
{"op":"mcm","clk":"7698203439","pt":1540027562042,"mc":[{"id":"1.149859592","rc":[{"ltp":1.43,"id":7795290}]}]}
{"op":"mcm","clk":"7698222782","pt":1540027681707,"mc":[{"id":"1.149859592","rc":[{"ltp":1.44,"id":7795290}]}]}
{"op":"mcm","clk":"7698243867","pt":1540027801327,"mc":[{"id":"1.149859592","rc":[{"ltp":1.43,"id":7795290}]}]}
{"op":"mcm","clk":"7698263878","pt":1540027920155,"mc":[{"id":"1.149859592","rc":[{"ltp":1.44,"id":7795290}]}]}
{"op":"mcm","clk":"7698342568","pt":1540028275755,"mc":[{"id":"1.149859592","rc":[{"ltp":3.25,"id":6161111}]}]}
{"op":"mcm","clk":"7698352320","pt":1540028332461,"mc":[{"id":"1.149859592","rc":[{"ltp":3.3,"id":6161111}]}]}
{"op":"mcm","clk":"7698373002","pt":1540028459004,"mc":[{"id":"1.149859592","rc":[{"ltp":3.25,"id":6161111}]}]}
{"op":"mcm","clk":"7698404353","pt":1540028641851,"mc":[{"id":"1.149859592","marketDefinition":{"bspMarket":false,"turnInPlayEnabled":true,"persistenceEnabled":true,"marketBaseRate":5.0,"eventId":"28965058","eventTypeId":"2","numberOfWinners":1,"bettingType":"ODDS","marketType":"MATCH_ODDS","marketTime":"2018-10-20T09:39:00.000Z","suspendTime":"2018-10-20T09:39:00.000Z","bspReconciled":false,"complete":true,"inPlay":false,"crossMatching":true,"runnersVoidable":false,"numberOfActiveRunners":2,"betDelay":0,"status":"OPEN","runners":[{"status":"ACTIVE","sortPriority":1,"id":7795290,"name":"Daria Kasatkina"},{"status":"ACTIVE","sortPriority":2,"id":6161111,"name":"Ons Jabeur"}],"regulators":["MR_INT"],"countryCode":"RU","discountAllowed":true,"timezone":"UTC","openDate":"2018-10-20T09:39:00.000Z","version":2463468841,"name":"Match Odds","eventName":"Kasatkina v Jabeur"}}]}
{"op":"mcm","clk":"7698457245","pt":1540028999564,"mc":[{"id":"1.149859592","rc":[{"ltp":1.43,"id":7795290},{"ltp":3.3,"id":6161111}]}]}
{"op":"mcm","clk":"7698463257","pt":1540029038468,"mc":[{"id":"1.149859592","rc":[{"ltp":1.42,"id":7795290}]}]}
{"op":"mcm","clk":"7698475465","pt":1540029122035,"mc":[{"id":"1.149859592","rc":[{"ltp":3.35,"id":6161111}]}]}
{"op":"mcm","clk":"7698500906","pt":1540029178908,"mc":[{"id":"1.149859592","rc":[{"ltp":1.43,"id":7795290}]}]}
{"op":"mcm","clk":"7698508952","pt":1540029241792,"mc":[{"id":"1.149859592","rc":[{"ltp":1.44,"id":7795290},{"ltp":3.3,"id":6161111}]}]}
{"op":"mcm","clk":"7698518023","pt":1540029301977,"mc":[{"id":"1.149859592","rc":[{"ltp":1.45,"id":7795290},{"ltp":3.2,"id":6161111}]}]}
{"op":"mcm","clk":"7698535839","pt":1540029421751,"mc":[{"id":"1.149859592","rc":[{"ltp":1.44,"id":7795290},{"ltp":3.25,"id":6161111}]}]}
{"op":"mcm","clk":"7698548294","pt":1540029481831,"mc":[{"id":"1.149859592","rc":[{"ltp":3.3,"id":6161111}]}]}
{"op":"mcm","clk":"7698568169","pt":1540029601589,"mc":[{"id":"1.149859592","rc":[{"ltp":1.43,"id":7795290},{"ltp":3.25,"id":6161111}]}]}
{"op":"mcm","clk":"7698579751","pt":1540029660073,"mc":[{"id":"1.149859592","rc":[{"ltp":1.44,"id":7795290}]}]}
{"op":"mcm","clk":"7698603668","pt":1540029778096,"mc":[{"id":"1.149859592","rc":[{"ltp":1.43,"id":7795290},{"ltp":3.3,"id":6161111}]}]}
{"op":"mcm","clk":"7698616400","pt":1540029842011,"mc":[{"id":"1.149859592","rc":[{"ltp":1.44,"id":7795290},{"ltp":3.25,"id":6161111}]}]}
{"op":"mcm","clk":"7698637758","pt":1540029961588,"mc":[{"id":"1.149859592","rc":[{"ltp":1.45,"id":7795290},{"ltp":3.2,"id":6161111}]}]}
{"op":"mcm","clk":"7698647718","pt":1540030020636,"mc":[{"id":"1.149859592","rc":[{"ltp":1.46,"id":7795290},{"ltp":3.15,"id":6161111}]}]}
{"op":"mcm","clk":"7698675460","pt":1540030081788,"mc":[{"id":"1.149859592","rc":[{"ltp":1.45,"id":7795290},{"ltp":3.2,"id":6161111}]}]}
{"op":"mcm","clk":"7698694592","pt":1540030201458,"mc":[{"id":"1.149859592","rc":[{"ltp":3.25,"id":6161111}]}]}
{"op":"mcm","clk":"7698708467","pt":1540030259110,"mc":[{"id":"1.149859592","rc":[{"ltp":1.44,"id":7795290}]}]}
{"op":"mcm","clk":"7698719376","pt":1540030322168,"mc":[{"id":"1.149859592","marketDefinition":{"bspMarket":false,"turnInPlayEnabled":true,"persistenceEnabled":true,"marketBaseRate":5.0,"eventId":"28965058","eventTypeId":"2","numberOfWinners":1,"bettingType":"ODDS","marketType":"MATCH_ODDS","marketTime":"2018-10-20T09:39:00.000Z","suspendTime":"2018-10-20T09:39:00.000Z","bspReconciled":false,"complete":true,"inPlay":true,"crossMatching":true,"runnersVoidable":false,"numberOfActiveRunners":2,"betDelay":5,"status":"OPEN","runners":[{"status":"ACTIVE","sortPriority":1,"id":7795290,"name":"Daria Kasatkina"},{"status":"ACTIVE","sortPriority":2,"id":6161111,"name":"Ons Jabeur"}],"regulators":["MR_INT"],"countryCode":"RU","discountAllowed":true,"timezone":"UTC","openDate":"2018-10-20T09:39:00.000Z","version":2463536902,"name":"Match Odds","eventName":"Kasatkina v Jabeur"}}]}
{"op":"mcm","clk":"7698730243","pt":1540030382165,"mc":[{"id":"1.149859592","rc":[{"ltp":1.32,"id":7795290},{"ltp":4.0,"id":6161111}]}]}
{"op":"mcm","clk":"7698741573","pt":1540030441709,"mc":[{"id":"1.149859592","rc":[{"ltp":1.27,"id":7795290},{"ltp":4.4,"id":6161111}]}]}
{"op":"mcm","clk":"7698752857","pt":1540030500949,"mc":[{"id":"1.149859592","rc":[{"ltp":1.34,"id":7795290},{"ltp":4.2,"id":6161111}]}]}
{"op":"mcm","clk":"7698764054","pt":1540030562090,"mc":[{"id":"1.149859592","rc":[{"ltp":1.44,"id":7795290},{"ltp":3.25,"id":6161111}]}]}
{"op":"mcm","clk":"7698775464","pt":1540030622151,"mc":[{"id":"1.149859592","rc":[{"ltp":3.3,"id":6161111}]}]}
{"op":"mcm","clk":"7698787254","pt":1540030681847,"mc":[{"id":"1.149859592","rc":[{"ltp":1.5,"id":7795290},{"ltp":3.05,"id":6161111}]}]}
{"op":"mcm","clk":"7698802525","pt":1540030742056,"mc":[{"id":"1.149859592","rc":[{"ltp":1.59,"id":7795290},{"ltp":2.7,"id":6161111}]}]}
{"op":"mcm","clk":"7698817916","pt":1540030802086,"mc":[{"id":"1.149859592","rc":[{"ltp":1.58,"id":7795290},{"ltp":2.72,"id":6161111}]}]}
{"op":"mcm","clk":"7698828692","pt":1540030861630,"mc":[{"id":"1.149859592","rc":[{"ltp":1.47,"id":7795290},{"ltp":3.1,"id":6161111}]}]}
{"op":"mcm","clk":"7698838716","pt":1540030922162,"mc":[{"id":"1.149859592","rc":[{"ltp":1.46,"id":7795290},{"ltp":3.15,"id":6161111}]}]}
{"op":"mcm","clk":"7698867545","pt":1540030982169,"mc":[{"id":"1.149859592","rc":[{"ltp":1.5,"id":7795290},{"ltp":3.0,"id":6161111}]}]}
{"op":"mcm","clk":"7698878481","pt":1540031042096,"mc":[{"id":"1.149859592","rc":[{"ltp":1.59,"id":7795290},{"ltp":2.7,"id":6161111}]}]}
{"op":"mcm","clk":"7698889413","pt":1540031102076,"mc":[{"id":"1.149859592","rc":[{"ltp":1.64,"id":7795290},{"ltp":2.54,"id":6161111}]}]}
{"op":"mcm","clk":"7698899925","pt":1540031161945,"mc":[{"id":"1.149859592","rc":[{"ltp":1.67,"id":7795290},{"ltp":2.5,"id":6161111}]}]}
{"op":"mcm","clk":"7698910621","pt":1540031222126,"mc":[{"id":"1.149859592","rc":[{"ltp":1.59,"id":7795290},{"ltp":2.66,"id":6161111}]}]}
{"op":"mcm","clk":"7698920539","pt":1540031281733,"mc":[{"id":"1.149859592","rc":[{"ltp":1.85,"id":7795290},{"ltp":2.16,"id":6161111}]}]}
{"op":"mcm","clk":"7698931169","pt":1540031342084,"mc":[{"id":"1.149859592","rc":[{"ltp":2.02,"id":7795290},{"ltp":1.98,"id":6161111}]}]}
{"op":"mcm","clk":"7698941844","pt":1540031401795,"mc":[{"id":"1.149859592","rc":[{"ltp":1.99,"id":7795290},{"ltp":2.0,"id":6161111}]}]}
{"op":"mcm","clk":"7698952065","pt":1540031462164,"mc":[{"id":"1.149859592","rc":[{"ltp":2.38,"id":7795290},{"ltp":1.68,"id":6161111}]}]}
{"op":"mcm","clk":"7698962124","pt":1540031521590,"mc":[{"id":"1.149859592","rc":[{"ltp":2.56,"id":7795290},{"ltp":1.64,"id":6161111}]}]}
{"op":"mcm","clk":"7698972480","pt":1540031581650,"mc":[{"id":"1.149859592","rc":[{"ltp":2.62,"id":7795290},{"ltp":1.61,"id":6161111}]}]}
{"op":"mcm","clk":"7698981769","pt":1540031642066,"mc":[{"id":"1.149859592","rc":[{"ltp":2.5,"id":7795290},{"ltp":1.65,"id":6161111}]}]}
{"op":"mcm","clk":"7698991412","pt":1540031702082,"mc":[{"id":"1.149859592","rc":[{"ltp":3.15,"id":7795290},{"ltp":1.47,"id":6161111}]}]}
{"op":"mcm","clk":"7699001743","pt":1540031762084,"mc":[{"id":"1.149859592","rc":[{"ltp":3.05,"id":7795290},{"ltp":1.49,"id":6161111}]}]}
{"op":"mcm","clk":"7699012300","pt":1540031822127,"mc":[{"id":"1.149859592","rc":[{"ltp":3.1,"id":7795290},{"ltp":1.47,"id":6161111}]}]}
{"op":"mcm","clk":"7699040501","pt":1540031882171,"mc":[{"id":"1.149859592","rc":[{"ltp":2.6,"id":7795290},{"ltp":1.63,"id":6161111}]}]}
{"op":"mcm","clk":"7699051378","pt":1540031942124,"mc":[{"id":"1.149859592","rc":[{"ltp":2.62,"id":7795290},{"ltp":1.6,"id":6161111}]}]}
{"op":"mcm","clk":"7699062357","pt":1540032002080,"mc":[{"id":"1.149859592","rc":[{"ltp":2.3,"id":7795290},{"ltp":1.77,"id":6161111}]}]}
{"op":"mcm","clk":"7699073962","pt":1540032062078,"mc":[{"id":"1.149859592","rc":[{"ltp":2.28,"id":7795290}]}]}
{"op":"mcm","clk":"7699085019","pt":1540032121742,"mc":[{"id":"1.149859592","rc":[{"ltp":2.0,"id":7795290},{"ltp":1.98,"id":6161111}]}]}
{"op":"mcm","clk":"7699095840","pt":1540032182160,"mc":[{"id":"1.149859592","rc":[{"ltp":2.28,"id":7795290},{"ltp":1.78,"id":6161111}]}]}
{"op":"mcm","clk":"7699106149","pt":1540032241584,"mc":[{"id":"1.149859592","rc":[{"ltp":2.3,"id":7795290}]}]}
{"op":"mcm","clk":"7699115498","pt":1540032302122,"mc":[{"id":"1.149859592","rc":[{"ltp":2.96,"id":7795290},{"ltp":1.51,"id":6161111}]}]}
{"op":"mcm","clk":"7699125058","pt":1540032362018,"mc":[{"id":"1.149859592","rc":[{"ltp":3.2,"id":7795290},{"ltp":1.44,"id":6161111}]}]}
{"op":"mcm","clk":"7699133967","pt":1540032421867,"mc":[{"id":"1.149859592","rc":[{"ltp":3.15,"id":7795290},{"ltp":1.46,"id":6161111}]}]}
{"op":"mcm","clk":"7699142400","pt":1540032482086,"mc":[{"id":"1.149859592","rc":[{"ltp":2.6,"id":7795290},{"ltp":1.64,"id":6161111}]}]}
{"op":"mcm","clk":"7699151802","pt":1540032541973,"mc":[{"id":"1.149859592","rc":[{"ltp":3.25,"id":7795290},{"ltp":1.44,"id":6161111}]}]}
{"op":"mcm","clk":"7699162187","pt":1540032602160,"mc":[{"id":"1.149859592","rc":[{"ltp":3.7,"id":7795290},{"ltp":1.37,"id":6161111}]}]}
{"op":"mcm","clk":"7699175855","pt":1540032661926,"mc":[{"id":"1.149859592","rc":[{"ltp":3.6,"id":7795290},{"ltp":1.39,"id":6161111}]}]}
{"op":"mcm","clk":"7699186023","pt":1540032722128,"mc":[{"id":"1.149859592","rc":[{"ltp":4.2,"id":7795290},{"ltp":1.3,"id":6161111}]}]}
{"op":"mcm","clk":"7699212582","pt":1540032781838,"mc":[{"id":"1.149859592","rc":[{"ltp":4.4,"id":7795290},{"ltp":1.29,"id":6161111}]}]}
{"op":"mcm","clk":"7699222544","pt":1540032842034,"mc":[{"id":"1.149859592","rc":[{"ltp":6.8,"id":7795290},{"ltp":1.16,"id":6161111}]}]}
{"op":"mcm","clk":"7699231858","pt":1540032902112,"mc":[{"id":"1.149859592","rc":[{"ltp":6.4,"id":7795290},{"ltp":1.18,"id":6161111}]}]}
{"op":"mcm","clk":"7699244871","pt":1540032962065,"mc":[{"id":"1.149859592","rc":[{"ltp":1.19,"id":6161111}]}]}
{"op":"mcm","clk":"7699256934","pt":1540033022069,"mc":[{"id":"1.149859592","rc":[{"ltp":9.2,"id":7795290},{"ltp":1.12,"id":6161111}]}]}
{"op":"mcm","clk":"7699267465","pt":1540033082108,"mc":[{"id":"1.149859592","rc":[{"ltp":13.5,"id":7795290},{"ltp":1.09,"id":6161111}]}]}
{"op":"mcm","clk":"7699278435","pt":1540033142147,"mc":[{"id":"1.149859592","rc":[{"ltp":11.0,"id":7795290},{"ltp":1.1,"id":6161111}]}]}
{"op":"mcm","clk":"7699290455","pt":1540033202151,"mc":[{"id":"1.149859592","rc":[{"ltp":8.8,"id":7795290},{"ltp":1.13,"id":6161111}]}]}
{"op":"mcm","clk":"7699302333","pt":1540033262119,"mc":[{"id":"1.149859592","rc":[{"ltp":7.2,"id":7795290},{"ltp":1.15,"id":6161111}]}]}
{"op":"mcm","clk":"7699314893","pt":1540033322175,"mc":[{"id":"1.149859592","rc":[{"ltp":5.2,"id":7795290},{"ltp":1.24,"id":6161111}]}]}
{"op":"mcm","clk":"7699327506","pt":1540033382162,"mc":[{"id":"1.149859592","rc":[{"ltp":4.9,"id":7795290},{"ltp":1.27,"id":6161111}]}]}
{"op":"mcm","clk":"7699339857","pt":1540033441946,"mc":[{"id":"1.149859592","rc":[{"ltp":6.4,"id":7795290},{"ltp":1.26,"id":6161111}]}]}
{"op":"mcm","clk":"7699352338","pt":1540033501739,"mc":[{"id":"1.149859592","rc":[{"ltp":3.7,"id":7795290},{"ltp":1.36,"id":6161111}]}]}
{"op":"mcm","clk":"7699364470","pt":1540033562135,"mc":[{"id":"1.149859592","rc":[{"ltp":3.55,"id":7795290},{"ltp":1.39,"id":6161111}]}]}
{"op":"mcm","clk":"7699377243","pt":1540033622116,"mc":[{"id":"1.149859592","rc":[{"ltp":3.15,"id":7795290},{"ltp":1.47,"id":6161111}]}]}
{"op":"mcm","clk":"7699406695","pt":1540033682088,"mc":[{"id":"1.149859592","rc":[{"ltp":2.62,"id":7795290},{"ltp":1.63,"id":6161111}]}]}
{"op":"mcm","clk":"7699417969","pt":1540033742149,"mc":[{"id":"1.149859592","rc":[{"ltp":2.6,"id":7795290}]}]}
{"op":"mcm","clk":"7699428670","pt":1540033801887,"mc":[{"id":"1.149859592","rc":[{"ltp":3.6,"id":7795290},{"ltp":1.39,"id":6161111}]}]}
{"op":"mcm","clk":"7699440337","pt":1540033861896,"mc":[{"id":"1.149859592","rc":[{"ltp":4.1,"id":7795290},{"ltp":1.32,"id":6161111}]}]}
{"op":"mcm","clk":"7699463550","pt":1540033982115,"mc":[{"id":"1.149859592","rc":[{"ltp":3.0,"id":7795290},{"ltp":1.5,"id":6161111}]}]}
{"op":"mcm","clk":"7699474956","pt":1540034042104,"mc":[{"id":"1.149859592","rc":[{"ltp":2.52,"id":7795290},{"ltp":1.65,"id":6161111}]}]}
{"op":"mcm","clk":"7699485838","pt":1540034102147,"mc":[{"id":"1.149859592","rc":[{"ltp":1.8,"id":7795290},{"ltp":2.24,"id":6161111}]}]}
{"op":"mcm","clk":"7699499050","pt":1540034161924,"mc":[{"id":"1.149859592","rc":[{"ltp":1.82,"id":7795290},{"ltp":2.2,"id":6161111}]}]}
{"op":"mcm","clk":"7699509087","pt":1540034222073,"mc":[{"id":"1.149859592","rc":[{"ltp":2.4,"id":7795290},{"ltp":1.68,"id":6161111}]}]}
{"op":"mcm","clk":"7699519735","pt":1540034282131,"mc":[{"id":"1.149859592","rc":[{"ltp":2.06,"id":7795290},{"ltp":1.94,"id":6161111}]}]}
{"op":"mcm","clk":"7699529940","pt":1540034342157,"mc":[{"id":"1.149859592","rc":[{"ltp":2.96,"id":7795290},{"ltp":1.5,"id":6161111}]}]}
{"op":"mcm","clk":"7699540144","pt":1540034402133,"mc":[{"id":"1.149859592","rc":[{"ltp":2.44,"id":7795290},{"ltp":1.67,"id":6161111}]}]}
{"op":"mcm","clk":"7699550458","pt":1540034462155,"mc":[{"id":"1.149859592","rc":[{"ltp":2.46,"id":7795290},{"ltp":1.75,"id":6161111}]}]}
{"op":"mcm","clk":"7699561166","pt":1540034522094,"mc":[{"id":"1.149859592","rc":[{"ltp":1.7,"id":7795290},{"ltp":2.44,"id":6161111}]}]}
{"op":"mcm","clk":"7699591107","pt":1540034582097,"mc":[{"id":"1.149859592","rc":[{"ltp":1.72,"id":7795290},{"ltp":2.4,"id":6161111}]}]}
{"op":"mcm","clk":"7699603247","pt":1540034642137,"mc":[{"id":"1.149859592","rc":[{"ltp":1.84,"id":7795290},{"ltp":2.18,"id":6161111}]}]}
{"op":"mcm","clk":"7699615939","pt":1540034701938,"mc":[{"id":"1.149859592","rc":[{"ltp":2.22,"id":7795290},{"ltp":1.8,"id":6161111}]}]}
{"op":"mcm","clk":"7699628654","pt":1540034762121,"mc":[{"id":"1.149859592","rc":[{"ltp":2.32,"id":7795290},{"ltp":1.75,"id":6161111}]}]}
{"op":"mcm","clk":"7699642672","pt":1540034822162,"mc":[{"id":"1.149859592","rc":[{"ltp":1.8,"id":7795290},{"ltp":2.26,"id":6161111}]}]}
{"op":"mcm","clk":"7699655416","pt":1540034882118,"mc":[{"id":"1.149859592","rc":[{"ltp":2.1,"id":7795290},{"ltp":1.89,"id":6161111}]}]}
{"op":"mcm","clk":"7699673483","pt":1540034942167,"mc":[{"id":"1.149859592","rc":[{"ltp":1.9,"id":6161111}]}]}
{"op":"mcm","clk":"7699685199","pt":1540035002028,"mc":[{"id":"1.149859592","rc":[{"ltp":2.12,"id":7795290},{"ltp":1.89,"id":6161111}]}]}
{"op":"mcm","clk":"7699696144","pt":1540035062088,"mc":[{"id":"1.149859592","rc":[{"ltp":2.62,"id":7795290},{"ltp":1.65,"id":6161111}]}]}
{"op":"mcm","clk":"7699707721","pt":1540035122120,"mc":[{"id":"1.149859592","rc":[{"ltp":2.72,"id":7795290},{"ltp":1.58,"id":6161111}]}]}
{"op":"mcm","clk":"7699732004","pt":1540035242141,"mc":[{"id":"1.149859592","rc":[{"ltp":2.16,"id":7795290},{"ltp":1.85,"id":6161111}]}]}
{"op":"mcm","clk":"7699744492","pt":1540035301967,"mc":[{"id":"1.149859592","rc":[{"ltp":2.7,"id":7795290},{"ltp":1.57,"id":6161111}]}]}
{"op":"mcm","clk":"7699758019","pt":1540035362168,"mc":[{"id":"1.149859592","rc":[{"ltp":1.78,"id":7795290},{"ltp":2.28,"id":6161111}]}]}
{"op":"mcm","clk":"7699771899","pt":1540035422014,"mc":[{"id":"1.149859592","rc":[{"ltp":1.53,"id":7795290},{"ltp":2.94,"id":6161111}]}]}
{"op":"mcm","clk":"7699804308","pt":1540035481977,"mc":[{"id":"1.149859592","rc":[{"ltp":2.88,"id":6161111}]}]}
{"op":"mcm","clk":"7699818383","pt":1540035542040,"mc":[{"id":"1.149859592","rc":[{"ltp":1.54,"id":7795290}]}]}
{"op":"mcm","clk":"7699831743","pt":1540035601800,"mc":[{"id":"1.149859592","rc":[{"ltp":1.46,"id":7795290},{"ltp":3.2,"id":6161111}]}]}
{"op":"mcm","clk":"7699845818","pt":1540035661938,"mc":[{"id":"1.149859592","rc":[{"ltp":1.45,"id":7795290}]}]}
{"op":"mcm","clk":"7699859361","pt":1540035722158,"mc":[{"id":"1.149859592","rc":[{"ltp":1.35,"id":7795290},{"ltp":3.85,"id":6161111}]}]}
{"op":"mcm","clk":"7699872866","pt":1540035781920,"mc":[{"id":"1.149859592","rc":[{"ltp":1.4,"id":7795290},{"ltp":3.5,"id":6161111}]}]}
{"op":"mcm","clk":"7699898906","pt":1540035902127,"mc":[{"id":"1.149859592","rc":[{"ltp":1.26,"id":7795290},{"ltp":5.0,"id":6161111}]}]}
{"op":"mcm","clk":"7699911451","pt":1540035962130,"mc":[{"id":"1.149859592","rc":[{"ltp":1.22,"id":7795290},{"ltp":5.5,"id":6161111}]}]}
{"op":"mcm","clk":"7699923202","pt":1540036021930,"mc":[{"id":"1.149859592","rc":[{"ltp":1.11,"id":7795290},{"ltp":10.0,"id":6161111}]}]}
{"op":"mcm","clk":"7699933790","pt":1540036080387,"mc":[{"id":"1.149859592","rc":[{"ltp":1.14,"id":7795290},{"ltp":8.8,"id":6161111}]}]}
{"op":"mcm","clk":"7699943424","pt":1540036142131,"mc":[{"id":"1.149859592","rc":[{"ltp":1.35,"id":7795290},{"ltp":3.75,"id":6161111}]}]}
{"op":"mcm","clk":"7699952927","pt":1540036201988,"mc":[{"id":"1.149859592","rc":[{"ltp":1.37,"id":7795290},{"ltp":3.7,"id":6161111}]}]}
{"op":"mcm","clk":"7699961859","pt":1540036262148,"mc":[{"id":"1.149859592","rc":[{"ltp":1.44,"id":7795290},{"ltp":3.15,"id":6161111}]}]}
{"op":"mcm","clk":"7699971891","pt":1540036322030,"mc":[{"id":"1.149859592","rc":[{"ltp":1.57,"id":7795290},{"ltp":2.72,"id":6161111}]}]}
{"op":"mcm","clk":"7699999985","pt":1540036382155,"mc":[{"id":"1.149859592","rc":[{"ltp":1.64,"id":7795290},{"ltp":2.58,"id":6161111}]}]}
{"op":"mcm","clk":"7700010749","pt":1540036442144,"mc":[{"id":"1.149859592","rc":[{"ltp":1.66,"id":7795290},{"ltp":2.52,"id":6161111}]}]}
{"op":"mcm","clk":"7700020270","pt":1540036502118,"mc":[{"id":"1.149859592","rc":[{"ltp":1.44,"id":7795290},{"ltp":3.3,"id":6161111}]}]}
{"op":"mcm","clk":"7700030036","pt":1540036562103,"mc":[{"id":"1.149859592","rc":[{"ltp":1.39,"id":7795290},{"ltp":3.6,"id":6161111}]}]}
{"op":"mcm","clk":"7700051098","pt":1540036682147,"mc":[{"id":"1.149859592","rc":[{"ltp":1.45,"id":7795290},{"ltp":3.15,"id":6161111}]}]}
{"op":"mcm","clk":"7700062809","pt":1540036741754,"mc":[{"id":"1.149859592","rc":[{"ltp":1.31,"id":7795290},{"ltp":3.7,"id":6161111}]}]}
{"op":"mcm","clk":"7700074912","pt":1540036802058,"mc":[{"id":"1.149859592","rc":[{"ltp":1.5,"id":7795290},{"ltp":3.2,"id":6161111}]}]}
{"op":"mcm","clk":"7700087481","pt":1540036862162,"mc":[{"id":"1.149859592","rc":[{"ltp":1.59,"id":7795290},{"ltp":2.7,"id":6161111}]}]}
{"op":"mcm","clk":"7700100223","pt":1540036921963,"mc":[{"id":"1.149859592","rc":[{"ltp":1.54,"id":7795290},{"ltp":2.86,"id":6161111}]}]}
{"op":"mcm","clk":"7700112797","pt":1540036982162,"mc":[{"id":"1.149859592","rc":[{"ltp":1.37,"id":7795290},{"ltp":3.75,"id":6161111}]}]}
{"op":"mcm","clk":"7700137668","pt":1540037101818,"mc":[{"id":"1.149859592","rc":[{"ltp":1.27,"id":7795290},{"ltp":4.6,"id":6161111}]}]}
{"op":"mcm","clk":"7700152769","pt":1540037162071,"mc":[{"id":"1.149859592","rc":[{"ltp":1.12,"id":7795290},{"ltp":8.6,"id":6161111}]}]}
{"op":"mcm","clk":"7700168720","pt":1540037222042,"mc":[{"id":"1.149859592","rc":[{"ltp":1.08,"id":7795290},{"ltp":13.5,"id":6161111}]}]}
{"op":"mcm","clk":"7700201165","pt":1540037282159,"mc":[{"id":"1.149859592","rc":[{"ltp":1.07,"id":7795290},{"ltp":17.5,"id":6161111}]}]}
{"op":"mcm","clk":"7700215725","pt":1540037342161,"mc":[{"id":"1.149859592","rc":[{"ltp":1.1,"id":7795290}]}]}
{"op":"mcm","clk":"7700230309","pt":1540037402165,"mc":[{"id":"1.149859592","rc":[{"ltp":1.18,"id":7795290},{"ltp":10.0,"id":6161111}]}]}
{"op":"mcm","clk":"7700247145","pt":1540037462082,"mc":[{"id":"1.149859592","rc":[{"ltp":1.29,"id":7795290},{"ltp":4.4,"id":6161111}]}]}
{"op":"mcm","clk":"7700262723","pt":1540037521790,"mc":[{"id":"1.149859592","rc":[{"ltp":1.26,"id":7795290},{"ltp":4.7,"id":6161111}]}]}
{"op":"mcm","clk":"7700277192","pt":1540037582148,"mc":[{"id":"1.149859592","rc":[{"ltp":1.14,"id":7795290},{"ltp":7.2,"id":6161111}]}]}
{"op":"mcm","clk":"7700292004","pt":1540037642117,"mc":[{"id":"1.149859592","rc":[{"ltp":1.01,"id":7795290},{"ltp":110.0,"id":6161111}]}]}
{"op":"mcm","clk":"7700303721","pt":1540037692820,"mc":[{"id":"1.149859592","marketDefinition":{"bspMarket":false,"turnInPlayEnabled":true,"persistenceEnabled":true,"marketBaseRate":5.0,"eventId":"28965058","eventTypeId":"2","numberOfWinners":1,"bettingType":"ODDS","marketType":"MATCH_ODDS","marketTime":"2018-10-20T09:39:00.000Z","suspendTime":"2018-10-20T09:39:00.000Z","bspReconciled":false,"complete":true,"inPlay":true,"crossMatching":true,"runnersVoidable":false,"numberOfActiveRunners":2,"betDelay":5,"status":"SUSPENDED","runners":[{"status":"ACTIVE","sortPriority":1,"id":7795290,"name":"Daria Kasatkina"},{"status":"ACTIVE","sortPriority":2,"id":6161111,"name":"Ons Jabeur"}],"regulators":["MR_INT"],"countryCode":"RU","discountAllowed":true,"timezone":"UTC","openDate":"2018-10-20T09:39:00.000Z","version":2463898029,"name":"Match Odds","eventName":"Kasatkina v Jabeur"}}]}
{"op":"mcm","clk":"7700331954","pt":1540037816715,"mc":[{"id":"1.149859592","marketDefinition":{"bspMarket":false,"turnInPlayEnabled":true,"persistenceEnabled":true,"marketBaseRate":5.0,"eventId":"28965058","eventTypeId":"2","numberOfWinners":1,"bettingType":"ODDS","marketType":"MATCH_ODDS","marketTime":"2018-10-20T09:39:00.000Z","suspendTime":"2018-10-20T09:39:00.000Z","bspReconciled":false,"complete":true,"inPlay":true,"crossMatching":false,"runnersVoidable":false,"numberOfActiveRunners":0,"betDelay":5,"status":"CLOSED","settledTime":"2018-10-20T12:16:13.000Z","runners":[{"status":"WINNER","sortPriority":1,"id":7795290,"name":"Daria Kasatkina"},{"status":"LOSER","sortPriority":2,"id":6161111,"name":"Ons Jabeur"}],"regulators":["MR_INT"],"countryCode":"RU","discountAllowed":true,"timezone":"UTC","openDate":"2018-10-20T09:39:00.000Z","version":2463906449,"name":"Match Odds","eventName":"Kasatkina v Jabeur"}}]}
