{"op":"mcm","clk":"7671341095","pt":1539165914578,"mc":[{"id":"1.149348345","marketDefinition":{"bspMarket":false,"turnInPlayEnabled":true,"persistenceEnabled":true,"marketBaseRate":5.0,"eventId":"28948994","eventTypeId":"2","numberOfWinners":1,"bettingType":"ODDS","marketType":"MATCH_ODDS","marketTime":"2018-10-11T07:00:00.000Z","suspendTime":"2018-10-11T07:00:00.000Z","bspReconciled":false,"complete":true,"inPlay":false,"crossMatching":true,"runnersVoidable":false,"numberOfActiveRunners":2,"betDelay":0,"status":"OPEN","runners":[{"status":"ACTIVE","sortPriority":1,"id":2519549,"name":"Kevin Anderson"},{"status":"ACTIVE","sortPriority":2,"id":9193006,"name":"Stefanos Tsitsipas"}],"regulators":["MR_INT"],"countryCode":"CN","discountAllowed":true,"timezone":"UTC","openDate":"2018-10-11T07:00:00.000Z","version":2448315132,"name":"Match Odds","eventName":"Anderson v Tsitsipas"}}]}
{"op":"mcm","clk":"7671796333","pt":1539172168988,"mc":[{"id":"1.149348345","rc":[{"ltp":1.72,"id":2519549}]}]}
{"op":"mcm","clk":"7671918860","pt":1539174105235,"mc":[{"id":"1.149348345","rc":[{"ltp":1.8,"id":2519549},{"ltp":2.26,"id":9193006}]}]}
{"op":"mcm","clk":"7672238327","pt":1539177926907,"mc":[{"id":"1.149348345","rc":[{"ltp":1.76,"id":2519549}]}]}
{"op":"mcm","clk":"7672488264","pt":1539180503017,"mc":[{"id":"1.149348345","rc":[{"ltp":1.72,"id":2519549},{"ltp":2.38,"id":9193006}]}]}
{"op":"mcm","clk":"7672781001","pt":1539184585600,"mc":[{"id":"1.149348345","rc":[{"ltp":2.36,"id":9193006}]}]}
{"op":"mcm","clk":"7672782399","pt":1539184627499,"mc":[{"id":"1.149348345","rc":[{"ltp":1.74,"id":2519549},{"ltp":2.34,"id":9193006}]}]}
{"op":"mcm","clk":"7672843384","pt":1539185943347,"mc":[{"id":"1.149348345","rc":[{"ltp":1.72,"id":2519549}]}]}
{"op":"mcm","clk":"7672848866","pt":1539186086772,"mc":[{"id":"1.149348345","rc":[{"ltp":1.74,"id":2519549}]}]}
{"op":"mcm","clk":"7672962558","pt":1539188243854,"mc":[{"id":"1.149348345","rc":[{"ltp":1.73,"id":2519549},{"ltp":2.36,"id":9193006}]}]}
{"op":"mcm","clk":"7673052619","pt":1539189974760,"mc":[{"id":"1.149348345","rc":[{"ltp":1.74,"id":2519549}]}]}
{"op":"mcm","clk":"7673260626","pt":1539193714604,"mc":[{"id":"1.149348345","rc":[{"ltp":1.73,"id":2519549}]}]}
{"op":"mcm","clk":"7673266746","pt":1539193817435,"mc":[{"id":"1.149348345","rc":[{"ltp":1.72,"id":2519549},{"ltp":2.38,"id":9193006}]}]}
{"op":"mcm","clk":"7673280001","pt":1539194069091,"mc":[{"id":"1.149348345","rc":[{"ltp":2.36,"id":9193006}]}]}
{"op":"mcm","clk":"7673299526","pt":1539194305859,"mc":[{"id":"1.149348345","rc":[{"ltp":1.73,"id":2519549}]}]}
{"op":"mcm","clk":"7673307404","pt":1539194442911,"mc":[{"id":"1.149348345","rc":[{"ltp":1.74,"id":2519549},{"ltp":2.34,"id":9193006}]}]}
{"op":"mcm","clk":"7673316888","pt":1539194605916,"mc":[{"id":"1.149348345","rc":[{"ltp":2.32,"id":9193006}]}]}
{"op":"mcm","clk":"7673319533","pt":1539194649573,"mc":[{"id":"1.149348345","rc":[{"ltp":1.73,"id":2519549}]}]}
{"op":"mcm","clk":"7673327931","pt":1539194772637,"mc":[{"id":"1.149348345","rc":[{"ltp":1.75,"id":2519549}]}]}
{"op":"mcm","clk":"7673406436","pt":1539195745739,"mc":[{"id":"1.149348345","rc":[{"ltp":2.3,"id":9193006}]}]}
{"op":"mcm","clk":"7673451474","pt":1539196260217,"mc":[{"id":"1.149348345","rc":[{"ltp":1.73,"id":2519549}]}]}
{"op":"mcm","clk":"7673602476","pt":1539197843516,"mc":[{"id":"1.149348345","rc":[{"ltp":1.75,"id":2519549}]}]}
{"op":"mcm","clk":"7673637217","pt":1539198253126,"mc":[{"id":"1.149348345","rc":[{"ltp":1.73,"id":2519549}]}]}
{"op":"mcm","clk":"7673655448","pt":1539198443289,"mc":[{"id":"1.149348345","rc":[{"ltp":2.36,"id":9193006}]}]}
{"op":"mcm","clk":"7673737136","pt":1539199207850,"mc":[{"id":"1.149348345","rc":[{"ltp":1.74,"id":2519549}]}]}
{"op":"mcm","clk":"7673747463","pt":1539199328057,"mc":[{"id":"1.149348345","rc":[{"ltp":1.72,"id":2519549}]}]}
{"op":"mcm","clk":"7673782233","pt":1539199631314,"mc":[{"id":"1.149348345","rc":[{"ltp":1.75,"id":2519549}]}]}
{"op":"mcm","clk":"7673875075","pt":1539200800323,"mc":[{"id":"1.149348345","rc":[{"ltp":1.73,"id":2519549}]}]}
{"op":"mcm","clk":"7673892603","pt":1539201045414,"mc":[{"id":"1.149348345","rc":[{"ltp":1.72,"id":2519549}]}]}
{"op":"mcm","clk":"7673940151","pt":1539201549116,"mc":[{"id":"1.149348345","rc":[{"ltp":1.74,"id":2519549}]}]}
{"op":"mcm","clk":"7674022488","pt":1539202632561,"mc":[{"id":"1.149348345","rc":[{"ltp":1.73,"id":2519549}]}]}
{"op":"mcm","clk":"7674066654","pt":1539203227823,"mc":[{"id":"1.149348345","rc":[{"ltp":1.74,"id":2519549}]}]}
{"op":"mcm","clk":"7674084894","pt":1539203547097,"mc":[{"id":"1.149348345","rc":[{"ltp":1.72,"id":2519549},{"ltp":2.38,"id":9193006}]}]}
{"op":"mcm","clk":"7674092154","pt":1539203655722,"mc":[{"id":"1.149348345","rc":[{"ltp":1.7,"id":2519549},{"ltp":2.42,"id":9193006}]}]}
{"op":"mcm","clk":"7674094092","pt":1539203684862,"mc":[{"id":"1.149348345","rc":[{"ltp":1.72,"id":2519549}]}]}
{"op":"mcm","clk":"7674132580","pt":1539204312310,"mc":[{"id":"1.149348345","rc":[{"ltp":1.7,"id":2519549}]}]}
{"op":"mcm","clk":"7674158527","pt":1539204921791,"mc":[{"id":"1.149348345","rc":[{"ltp":1.72,"id":2519549}]}]}
{"op":"mcm","clk":"7674191860","pt":1539205543822,"mc":[{"id":"1.149348345","rc":[{"ltp":1.71,"id":2519549}]}]}
{"op":"mcm","clk":"7674199447","pt":1539205747511,"mc":[{"id":"1.149348345","rc":[{"ltp":2.4,"id":9193006}]}]}
{"op":"mcm","clk":"7674217141","pt":1539205943552,"mc":[{"id":"1.149348345","rc":[{"ltp":1.73,"id":2519549},{"ltp":2.34,"id":9193006}]}]}
{"op":"mcm","clk":"7674242595","pt":1539206505731,"mc":[{"id":"1.149348345","rc":[{"ltp":1.72,"id":2519549}]}]}
{"op":"mcm","clk":"7674272218","pt":1539206969313,"mc":[{"id":"1.149348345","rc":[{"ltp":1.71,"id":2519549}]}]}
{"op":"mcm","clk":"7674281505","pt":1539207178194,"mc":[{"id":"1.149348345","rc":[{"ltp":1.72,"id":2519549},{"ltp":2.38,"id":9193006}]}]}
{"op":"mcm","clk":"7674285411","pt":1539207268430,"mc":[{"id":"1.149348345","rc":[{"ltp":1.7,"id":2519549}]}]}
{"op":"mcm","clk":"7674344031","pt":1539208461535,"mc":[{"id":"1.149348345","rc":[{"ltp":1.72,"id":2519549}]}]}
{"op":"mcm","clk":"7674346391","pt":1539208522940,"mc":[{"id":"1.149348345","rc":[{"ltp":2.42,"id":9193006}]}]}
{"op":"mcm","clk":"7674359688","pt":1539208645592,"mc":[{"id":"1.149348345","rc":[{"ltp":1.71,"id":2519549}]}]}
{"op":"mcm","clk":"7674364410","pt":1539208751913,"mc":[{"id":"1.149348345","rc":[{"ltp":1.7,"id":2519549}]}]}
{"op":"mcm","clk":"7674369737","pt":1539208869988,"mc":[{"id":"1.149348345","rc":[{"ltp":1.71,"id":2519549}]}]}
{"op":"mcm","clk":"7674416508","pt":1539209596949,"mc":[{"id":"1.149348345","rc":[{"ltp":1.7,"id":2519549}]}]}
{"op":"mcm","clk":"7674430485","pt":1539209844462,"mc":[{"id":"1.149348345","rc":[{"ltp":1.71,"id":2519549}]}]}
{"op":"mcm","clk":"7674446208","pt":1539210208740,"mc":[{"id":"1.149348345","rc":[{"ltp":1.7,"id":2519549}]}]}
{"op":"mcm","clk":"7674472312","pt":1539210607392,"mc":[{"id":"1.149348345","rc":[{"ltp":1.71,"id":2519549}]}]}
{"op":"mcm","clk":"7674483174","pt":1539210852021,"mc":[{"id":"1.149348345","rc":[{"ltp":2.4,"id":9193006}]}]}
{"op":"mcm","clk":"7674532251","pt":1539211752081,"mc":[{"id":"1.149348345","rc":[{"ltp":1.7,"id":2519549},{"ltp":2.42,"id":9193006}]}]}
{"op":"mcm","clk":"7674647581","pt":1539213747340,"mc":[{"id":"1.149348345","rc":[{"ltp":1.71,"id":2519549}]}]}
{"op":"mcm","clk":"7674658356","pt":1539213984743,"mc":[{"id":"1.149348345","rc":[{"ltp":1.69,"id":2519549},{"ltp":2.46,"id":9193006}]}]}
{"op":"mcm","clk":"7674669104","pt":1539214044235,"mc":[{"id":"1.149348345","rc":[{"ltp":1.67,"id":2519549}]}]}
{"op":"mcm","clk":"7674671617","pt":1539214100810,"mc":[{"id":"1.149348345","rc":[{"ltp":1.69,"id":2519549}]}]}
{"op":"mcm","clk":"7674680548","pt":1539214314140,"mc":[{"id":"1.149348345","rc":[{"ltp":1.7,"id":2519549},{"ltp":2.44,"id":9193006}]}]}
{"op":"mcm","clk":"7674693551","pt":1539214637908,"mc":[{"id":"1.149348345","rc":[{"ltp":1.69,"id":2519549}]}]}
{"op":"mcm","clk":"7674731835","pt":1539215312303,"mc":[{"id":"1.149348345","rc":[{"ltp":2.42,"id":9193006}]}]}
{"op":"mcm","clk":"7674764818","pt":1539215882786,"mc":[{"id":"1.149348345","rc":[{"ltp":2.44,"id":9193006}]}]}
{"op":"mcm","clk":"7674820469","pt":1539216728389,"mc":[{"id":"1.149348345","rc":[{"ltp":2.46,"id":9193006}]}]}
{"op":"mcm","clk":"7674858394","pt":1539217305681,"mc":[{"id":"1.149348345","rc":[{"ltp":1.68,"id":2519549}]}]}
{"op":"mcm","clk":"7675107562","pt":1539220829356,"mc":[{"id":"1.149348345","rc":[{"ltp":1.67,"id":2519549}]}]}
{"op":"mcm","clk":"7675185718","pt":1539221909115,"mc":[{"id":"1.149348345","rc":[{"ltp":1.69,"id":2519549}]}]}
{"op":"mcm","clk":"7675190910","pt":1539221993509,"mc":[{"id":"1.149348345","rc":[{"ltp":1.68,"id":2519549}]}]}
{"op":"mcm","clk":"7675230120","pt":1539222479929,"mc":[{"id":"1.149348345","rc":[{"ltp":2.44,"id":9193006}]}]}
{"op":"mcm","clk":"7675296991","pt":1539223403946,"mc":[{"id":"1.149348345","rc":[{"ltp":2.48,"id":9193006}]}]}
{"op":"mcm","clk":"7675318952","pt":1539223802011,"mc":[{"id":"1.149348345","rc":[{"ltp":1.67,"id":2519549}]}]}
{"op":"mcm","clk":"7675347898","pt":1539224236750,"mc":[{"id":"1.149348345","rc":[{"ltp":2.46,"id":9193006}]}]}
{"op":"mcm","clk":"7675352749","pt":1539224325227,"mc":[{"id":"1.149348345","rc":[{"ltp":1.68,"id":2519549}]}]}
{"op":"mcm","clk":"7675362102","pt":1539224487135,"mc":[{"id":"1.149348345","rc":[{"ltp":2.48,"id":9193006}]}]}
{"op":"mcm","clk":"7675365653","pt":1539224539381,"mc":[{"id":"1.149348345","rc":[{"ltp":1.69,"id":2519549},{"ltp":2.44,"id":9193006}]}]}
{"op":"mcm","clk":"7675398310","pt":1539224969353,"mc":[{"id":"1.149348345","rc":[{"ltp":1.68,"id":2519549}]}]}
{"op":"mcm","clk":"7675399171","pt":1539224986220,"mc":[{"id":"1.149348345","rc":[{"ltp":1.69,"id":2519549}]}]}
{"op":"mcm","clk":"7675433757","pt":1539225581001,"mc":[{"id":"1.149348345","rc":[{"ltp":1.68,"id":2519549}]}]}
{"op":"mcm","clk":"7675468410","pt":1539226087904,"mc":[{"id":"1.149348345","rc":[{"ltp":1.7,"id":2519549}]}]}
{"op":"mcm","clk":"7675483318","pt":1539226399061,"mc":[{"id":"1.149348345","rc":[{"ltp":1.68,"id":2519549}]}]}
{"op":"mcm","clk":"7675506682","pt":1539226709149,"mc":[{"id":"1.149348345","rc":[{"ltp":2.48,"id":9193006}]}]}
{"op":"mcm","clk":"7675520009","pt":1539227007791,"mc":[{"id":"1.149348345","rc":[{"ltp":1.69,"id":2519549},{"ltp":2.46,"id":9193006}]}]}
{"op":"mcm","clk":"7675525811","pt":1539227126211,"mc":[{"id":"1.149348345","rc":[{"ltp":1.68,"id":2519549}]}]}
{"op":"mcm","clk":"7675532635","pt":1539227283977,"mc":[{"id":"1.149348345","rc":[{"ltp":1.69,"id":2519549}]}]}
{"op":"mcm","clk":"7675572793","pt":1539227896714,"mc":[{"id":"1.149348345","rc":[{"ltp":1.67,"id":2519549},{"ltp":2.5,"id":9193006}]}]}
{"op":"mcm","clk":"7675578600","pt":1539228027826,"mc":[{"id":"1.149348345","rc":[{"ltp":1.66,"id":2519549}]}]}
{"op":"mcm","clk":"7675581070","pt":1539228088838,"mc":[{"id":"1.149348345","rc":[{"ltp":1.65,"id":2519549}]}]}
{"op":"mcm","clk":"7675582579","pt":1539228128670,"mc":[{"id":"1.149348345","rc":[{"ltp":2.54,"id":9193006}]}]}
{"op":"mcm","clk":"7675585092","pt":1539228195330,"mc":[{"id":"1.149348345","rc":[{"ltp":1.66,"id":2519549}]}]}
{"op":"mcm","clk":"7675590462","pt":1539228360757,"mc":[{"id":"1.149348345","rc":[{"ltp":1.65,"id":2519549}]}]}
{"op":"mcm","clk":"7675601228","pt":1539228447265,"mc":[{"id":"1.149348345","rc":[{"ltp":1.64,"id":2519549},{"ltp":2.56,"id":9193006}]}]}
{"op":"mcm","clk":"7675607165","pt":1539228605525,"mc":[{"id":"1.149348345","rc":[{"ltp":1.63,"id":2519549},{"ltp":2.58,"id":9193006}]}]}
{"op":"mcm","clk":"7675613389","pt":1539228746363,"mc":[{"id":"1.149348345","rc":[{"ltp":1.64,"id":2519549}]}]}
{"op":"mcm","clk":"7675648664","pt":1539229405288,"mc":[{"id":"1.149348345","rc":[{"ltp":1.62,"id":2519549}]}]}
{"op":"mcm","clk":"7675650726","pt":1539229462574,"mc":[{"id":"1.149348345","rc":[{"ltp":1.61,"id":2519549}]}]}
{"op":"mcm","clk":"7675653402","pt":1539229529154,"mc":[{"id":"1.149348345","rc":[{"ltp":1.62,"id":2519549}]}]}
{"op":"mcm","clk":"7675655150","pt":1539229575001,"mc":[{"id":"1.149348345","rc":[{"ltp":1.61,"id":2519549},{"ltp":2.62,"id":9193006}]}]}
{"op":"mcm","clk":"7675657597","pt":1539229636756,"mc":[{"id":"1.149348345","rc":[{"ltp":1.6,"id":2519549},{"ltp":2.64,"id":9193006}]}]}
{"op":"mcm","clk":"7675660876","pt":1539229708460,"mc":[{"id":"1.149348345","rc":[{"ltp":1.62,"id":2519549}]}]}
{"op":"mcm","clk":"7675669547","pt":1539229879492,"mc":[{"id":"1.149348345","rc":[{"ltp":1.63,"id":2519549}]}]}
{"op":"mcm","clk":"7675694124","pt":1539230249197,"mc":[{"id":"1.149348345","rc":[{"ltp":1.62,"id":2519549},{"ltp":2.62,"id":9193006}]}]}
{"op":"mcm","clk":"7675698623","pt":1539230369215,"mc":[{"id":"1.149348345","rc":[{"ltp":1.63,"id":2519549}]}]}
{"op":"mcm","clk":"7675701058","pt":1539230428923,"mc":[{"id":"1.149348345","rc":[{"ltp":1.62,"id":2519549},{"ltp":2.6,"id":9193006}]}]}
{"op":"mcm","clk":"7675703442","pt":1539230487488,"mc":[{"id":"1.149348345","rc":[{"ltp":1.63,"id":2519549}]}]}
{"op":"mcm","clk":"7675717582","pt":1539230803009,"mc":[{"id":"1.149348345","rc":[{"ltp":1.62,"id":2519549},{"ltp":2.58,"id":9193006}]}]}
{"op":"mcm","clk":"7675749362","pt":1539231256619,"mc":[{"id":"1.149348345","rc":[{"ltp":1.64,"id":2519549}]}]}
{"op":"mcm","clk":"7675789265","pt":1539231981723,"mc":[{"id":"1.149348345","rc":[{"ltp":1.62,"id":2519549},{"ltp":2.6,"id":9193006}]}]}
{"op":"mcm","clk":"7675829233","pt":1539232649367,"mc":[{"id":"1.149348345","rc":[{"ltp":2.58,"id":9193006}]}]}
{"op":"mcm","clk":"7675848611","pt":1539232937420,"mc":[{"id":"1.149348345","rc":[{"ltp":2.62,"id":9193006}]}]}
{"op":"mcm","clk":"7675853487","pt":1539233061373,"mc":[{"id":"1.149348345","rc":[{"ltp":2.6,"id":9193006}]}]}
{"op":"mcm","clk":"7675867111","pt":1539233365225,"mc":[{"id":"1.149348345","rc":[{"ltp":1.64,"id":2519549}]}]}
{"op":"mcm","clk":"7675887835","pt":1539233780424,"mc":[{"id":"1.149348345","rc":[{"ltp":2.58,"id":9193006}]}]}
{"op":"mcm","clk":"7675904299","pt":1539233969365,"mc":[{"id":"1.149348345","marketDefinition":{"bspMarket":false,"turnInPlayEnabled":true,"persistenceEnabled":true,"marketBaseRate":5.0,"eventId":"28948994","eventTypeId":"2","numberOfWinners":1,"bettingType":"ODDS","marketType":"MATCH_ODDS","marketTime":"2018-10-11T06:56:00.000Z","suspendTime":"2018-10-11T06:56:00.000Z","bspReconciled":false,"complete":true,"inPlay":false,"crossMatching":true,"runnersVoidable":false,"numberOfActiveRunners":2,"betDelay":0,"status":"OPEN","runners":[{"status":"ACTIVE","sortPriority":1,"id":2519549,"name":"Kevin Anderson"},{"status":"ACTIVE","sortPriority":2,"id":9193006,"name":"Stefanos Tsitsipas"}],"regulators":["MR_INT"],"countryCode":"CN","discountAllowed":true,"timezone":"UTC","openDate":"2018-10-11T06:56:00.000Z","version":2449411908,"name":"Match Odds","eventName":"Anderson v Tsitsipas"}}]}
{"op":"mcm","clk":"7675911866","pt":1539234129451,"mc":[{"id":"1.149348345","rc":[{"ltp":2.54,"id":9193006}]}]}
{"op":"mcm","clk":"7675931527","pt":1539234495594,"mc":[{"id":"1.149348345","rc":[{"ltp":1.65,"id":2519549}]}]}
{"op":"mcm","clk":"7675935630","pt":1539234568811,"mc":[{"id":"1.149348345","rc":[{"ltp":1.63,"id":2519549}]}]}
{"op":"mcm","clk":"7675938537","pt":1539234626970,"mc":[{"id":"1.149348345","rc":[{"ltp":2.58,"id":9193006}]}]}
{"op":"mcm","clk":"7675941600","pt":1539234686124,"mc":[{"id":"1.149348345","rc":[{"ltp":2.56,"id":9193006}]}]}
{"op":"mcm","clk":"7675951824","pt":1539234727578,"mc":[{"id":"1.149348345","rc":[{"ltp":1.64,"id":2519549},{"ltp":2.58,"id":9193006}]}]}
{"op":"mcm","clk":"7675967027","pt":1539234980986,"mc":[{"id":"1.149348345","rc":[{"ltp":1.65,"id":2519549}]}]}
{"op":"mcm","clk":"7675971897","pt":1539235064675,"mc":[{"id":"1.149348345","rc":[{"ltp":1.64,"id":2519549}]}]}
{"op":"mcm","clk":"7675993056","pt":1539235467781,"mc":[{"id":"1.149348345","rc":[{"ltp":1.65,"id":2519549}]}]}
{"op":"mcm","clk":"7675999616","pt":1539235589304,"mc":[{"id":"1.149348345","rc":[{"ltp":2.54,"id":9193006}]}]}
{"op":"mcm","clk":"7676030023","pt":1539236001352,"mc":[{"id":"1.149348345","rc":[{"ltp":2.52,"id":9193006}]}]}
{"op":"mcm","clk":"7676054901","pt":1539236415389,"mc":[{"id":"1.149348345","rc":[{"ltp":1.64,"id":2519549}]}]}
{"op":"mcm","clk":"7676059303","pt":1539236486610,"mc":[{"id":"1.149348345","rc":[{"ltp":1.66,"id":2519549}]}]}
{"op":"mcm","clk":"7676061264","pt":1539236518371,"mc":[{"id":"1.149348345","rc":[{"ltp":1.64,"id":2519549}]}]}
{"op":"mcm","clk":"7676095340","pt":1539236907104,"mc":[{"id":"1.149348345","rc":[{"ltp":2.58,"id":9193006}]}]}
{"op":"mcm","clk":"7676106178","pt":1539237071577,"mc":[{"id":"1.149348345","rc":[{"ltp":1.63,"id":2519549}]}]}
{"op":"mcm","clk":"7676121238","pt":1539237328242,"mc":[{"id":"1.149348345","rc":[{"ltp":2.54,"id":9193006}]}]}
{"op":"mcm","clk":"7676141824","pt":1539237555008,"mc":[{"id":"1.149348345","rc":[{"ltp":2.56,"id":9193006}]}]}
{"op":"mcm","clk":"7676151425","pt":1539237737870,"mc":[{"id":"1.149348345","rc":[{"ltp":1.65,"id":2519549}]}]}
{"op":"mcm","clk":"7676155265","pt":1539237808735,"mc":[{"id":"1.149348345","rc":[{"ltp":1.63,"id":2519549},{"ltp":2.54,"id":9193006}]}]}
{"op":"mcm","clk":"7676165339","pt":1539237987630,"mc":[{"id":"1.149348345","rc":[{"ltp":1.64,"id":2519549}]}]}
{"op":"mcm","clk":"7676168039","pt":1539238037988,"mc":[{"id":"1.149348345","rc":[{"ltp":1.65,"id":2519549}]}]}
{"op":"mcm","clk":"7676171350","pt":1539238095463,"mc":[{"id":"1.149348345","rc":[{"ltp":1.64,"id":2519549}]}]}
{"op":"mcm","clk":"7676178318","pt":1539238221844,"mc":[{"id":"1.149348345","rc":[{"ltp":2.56,"id":9193006}]}]}
{"op":"mcm","clk":"7676182140","pt":1539238287008,"mc":[{"id":"1.149348345","rc":[{"ltp":1.65,"id":2519549},{"ltp":2.54,"id":9193006}]}]}
{"op":"mcm","clk":"7676194086","pt":1539238342832,"mc":[{"id":"1.149348345","rc":[{"ltp":1.64,"id":2519549}]}]}
{"op":"mcm","clk":"7676204240","pt":1539238515343,"mc":[{"id":"1.149348345","rc":[{"ltp":1.65,"id":2519549}]}]}
{"op":"mcm","clk":"7676210165","pt":1539238633476,"mc":[{"id":"1.149348345","rc":[{"ltp":1.64,"id":2519549}]}]}
{"op":"mcm","clk":"7676214193","pt":1539238707690,"mc":[{"id":"1.149348345","rc":[{"ltp":2.56,"id":9193006}]}]}
{"op":"mcm","clk":"7676229201","pt":1539238978326,"mc":[{"id":"1.149348345","rc":[{"ltp":1.63,"id":2519549}]}]}
{"op":"mcm","clk":"7676241872","pt":1539239210132,"mc":[{"id":"1.149348345","rc":[{"ltp":1.64,"id":2519549}]}]}
{"op":"mcm","clk":"7676254969","pt":1539239304583,"mc":[{"id":"1.149348345","rc":[{"ltp":2.58,"id":9193006}]}]}
{"op":"mcm","clk":"7676257726","pt":1539239354567,"mc":[{"id":"1.149348345","rc":[{"ltp":1.65,"id":2519549}]}]}
{"op":"mcm","clk":"7676269100","pt":1539239607594,"mc":[{"id":"1.149348345","rc":[{"ltp":2.56,"id":9193006}]}]}
{"op":"mcm","clk":"7676271559","pt":1539239660228,"mc":[{"id":"1.149348345","rc":[{"ltp":1.64,"id":2519549},{"ltp":2.54,"id":9193006}]}]}
{"op":"mcm","clk":"7676274797","pt":1539239728542,"mc":[{"id":"1.149348345","rc":[{"ltp":2.52,"id":9193006}]}]}
{"op":"mcm","clk":"7676277510","pt":1539239788937,"mc":[{"id":"1.149348345","rc":[{"ltp":1.65,"id":2519549},{"ltp":2.5,"id":9193006}]}]}
{"op":"mcm","clk":"7676279676","pt":1539239845860,"mc":[{"id":"1.149348345","rc":[{"ltp":1.66,"id":2519549}]}]}
{"op":"mcm","clk":"7676281390","pt":1539239889046,"mc":[{"id":"1.149348345","rc":[{"ltp":1.65,"id":2519549}]}]}
{"op":"mcm","clk":"7676284700","pt":1539239969217,"mc":[{"id":"1.149348345","rc":[{"ltp":1.69,"id":2519549}]}]}
{"op":"mcm","clk":"7676287318","pt":1539240028036,"mc":[{"id":"1.149348345","rc":[{"ltp":1.67,"id":2519549},{"ltp":2.48,"id":9193006}]}]}
{"op":"mcm","clk":"7676289790","pt":1539240088680,"mc":[{"id":"1.149348345","rc":[{"ltp":1.66,"id":2519549}]}]}
{"op":"mcm","clk":"7676300138","pt":1539240146014,"mc":[{"id":"1.149348345","rc":[{"ltp":1.67,"id":2519549}]}]}
{"op":"mcm","clk":"7676302517","pt":1539240208071,"mc":[{"id":"1.149348345","rc":[{"ltp":1.66,"id":2519549}]}]}
{"op":"mcm","clk":"7676304880","pt":1539240269314,"mc":[{"id":"1.149348345","marketDefinition":{"bspMarket":false,"turnInPlayEnabled":true,"persistenceEnabled":true,"marketBaseRate":5.0,"eventId":"28948994","eventTypeId":"2","numberOfWinners":1,"bettingType":"ODDS","marketType":"MATCH_ODDS","marketTime":"2018-10-11T06:47:00.000Z","suspendTime":"2018-10-11T06:47:00.000Z","bspReconciled":false,"complete":true,"inPlay":false,"crossMatching":true,"runnersVoidable":false,"numberOfActiveRunners":2,"betDelay":0,"status":"OPEN","runners":[{"status":"ACTIVE","sortPriority":1,"id":2519549,"name":"Kevin Anderson"},{"status":"ACTIVE","sortPriority":2,"id":9193006,"name":"Stefanos Tsitsipas"}],"regulators":["MR_INT"],"countryCode":"CN","discountAllowed":true,"timezone":"UTC","openDate":"2018-10-11T06:47:00.000Z","version":2449447868,"name":"Match Odds","eventName":"Anderson v Tsitsipas"},"rc":[{"ltp":1.67,"id":2519549}]}]}
{"op":"mcm","clk":"7676307375","pt":1539240329336,"mc":[{"id":"1.149348345","rc":[{"ltp":2.5,"id":9193006}]}]}
{"op":"mcm","clk":"7676309743","pt":1539240388491,"mc":[{"id":"1.149348345","rc":[{"ltp":1.66,"id":2519549}]}]}
{"op":"mcm","clk":"7676312239","pt":1539240449376,"mc":[{"id":"1.149348345","rc":[{"ltp":1.64,"id":2519549},{"ltp":2.52,"id":9193006}]}]}
{"op":"mcm","clk":"7676314805","pt":1539240506690,"mc":[{"id":"1.149348345","rc":[{"ltp":1.66,"id":2519549}]}]}
{"op":"mcm","clk":"7676317278","pt":1539240565219,"mc":[{"id":"1.149348345","rc":[{"ltp":1.65,"id":2519549}]}]}
{"op":"mcm","clk":"7676319778","pt":1539240628354,"mc":[{"id":"1.149348345","marketDefinition":{"bspMarket":false,"turnInPlayEnabled":true,"persistenceEnabled":true,"marketBaseRate":5.0,"eventId":"28948994","eventTypeId":"2","numberOfWinners":1,"bettingType":"ODDS","marketType":"MATCH_ODDS","marketTime":"2018-10-11T06:46:00.000Z","suspendTime":"2018-10-11T06:46:00.000Z","bspReconciled":false,"complete":true,"inPlay":false,"crossMatching":true,"runnersVoidable":false,"numberOfActiveRunners":2,"betDelay":0,"status":"OPEN","runners":[{"status":"ACTIVE","sortPriority":1,"id":2519549,"name":"Kevin Anderson"},{"status":"ACTIVE","sortPriority":2,"id":9193006,"name":"Stefanos Tsitsipas"}],"regulators":["MR_INT"],"countryCode":"CN","discountAllowed":true,"timezone":"UTC","openDate":"2018-10-11T06:46:00.000Z","version":2449449454,"name":"Match Odds","eventName":"Anderson v Tsitsipas"}}]}
{"op":"mcm","clk":"7676321585","pt":1539240686250,"mc":[{"id":"1.149348345","rc":[{"ltp":1.66,"id":2519549}]}]}
{"op":"mcm","clk":"7676323545","pt":1539240745838,"mc":[{"id":"1.149348345","rc":[{"ltp":2.5,"id":9193006}]}]}
{"op":"mcm","clk":"7676328071","pt":1539240868853,"mc":[{"id":"1.149348345","rc":[{"ltp":1.68,"id":2519549},{"ltp":2.48,"id":9193006}]}]}
{"op":"mcm","clk":"7676330420","pt":1539240928810,"mc":[{"id":"1.149348345","rc":[{"ltp":1.69,"id":2519549},{"ltp":2.44,"id":9193006}]}]}
{"op":"mcm","clk":"7676332649","pt":1539240987700,"mc":[{"id":"1.149348345","rc":[{"ltp":1.7,"id":2519549}]}]}
{"op":"mcm","clk":"7676342894","pt":1539241048988,"mc":[{"id":"1.149348345","marketDefinition":{"bspMarket":false,"turnInPlayEnabled":true,"persistenceEnabled":true,"marketBaseRate":5.0,"eventId":"28948994","eventTypeId":"2","numberOfWinners":1,"bettingType":"ODDS","marketType":"MATCH_ODDS","marketTime":"2018-10-11T06:46:00.000Z","suspendTime":"2018-10-11T06:46:00.000Z","bspReconciled":false,"complete":true,"inPlay":true,"crossMatching":true,"runnersVoidable":false,"numberOfActiveRunners":2,"betDelay":5,"status":"OPEN","runners":[{"status":"ACTIVE","sortPriority":1,"id":2519549,"name":"Kevin Anderson"},{"status":"ACTIVE","sortPriority":2,"id":9193006,"name":"Stefanos Tsitsipas"}],"regulators":["MR_INT"],"countryCode":"CN","discountAllowed":true,"timezone":"UTC","openDate":"2018-10-11T06:46:00.000Z","version":2449452869,"name":"Match Odds","eventName":"Anderson v Tsitsipas"},"rc":[{"ltp":1.69,"id":2519549}]}]}
{"op":"mcm","clk":"7676344783","pt":1539241109048,"mc":[{"id":"1.149348345","rc":[{"ltp":1.7,"id":2519549},{"ltp":2.36,"id":9193006}]}]}
{"op":"mcm","clk":"7676346939","pt":1539241167345,"mc":[{"id":"1.149348345","rc":[{"ltp":1.67,"id":2519549}]}]}
{"op":"mcm","clk":"7676349176","pt":1539241228687,"mc":[{"id":"1.149348345","rc":[{"ltp":1.66,"id":2519549},{"ltp":2.48,"id":9193006}]}]}
{"op":"mcm","clk":"7676351002","pt":1539241288083,"mc":[{"id":"1.149348345","rc":[{"ltp":1.63,"id":2519549},{"ltp":2.56,"id":9193006}]}]}
{"op":"mcm","clk":"7676352802","pt":1539241349178,"mc":[{"id":"1.149348345","rc":[{"ltp":1.66,"id":2519549},{"ltp":2.5,"id":9193006}]}]}
{"op":"mcm","clk":"7676354574","pt":1539241408066,"mc":[{"id":"1.149348345","rc":[{"ltp":1.65,"id":2519549}]}]}
{"op":"mcm","clk":"7676356292","pt":1539241466812,"mc":[{"id":"1.149348345","rc":[{"ltp":2.52,"id":9193006}]}]}
{"op":"mcm","clk":"7676358310","pt":1539241528501,"mc":[{"id":"1.149348345","rc":[{"ltp":1.66,"id":2519549},{"ltp":2.5,"id":9193006}]}]}
{"op":"mcm","clk":"7676360660","pt":1539241589073,"mc":[{"id":"1.149348345","rc":[{"ltp":1.59,"id":2519549},{"ltp":2.58,"id":9193006}]}]}
{"op":"mcm","clk":"7676363386","pt":1539241649330,"mc":[{"id":"1.149348345","rc":[{"ltp":1.76,"id":2519549},{"ltp":2.3,"id":9193006}]}]}
{"op":"mcm","clk":"7676366219","pt":1539241709088,"mc":[{"id":"1.149348345","rc":[{"ltp":2.0,"id":2519549},{"ltp":2.0,"id":9193006}]}]}
{"op":"mcm","clk":"7676368890","pt":1539241768848,"mc":[{"id":"1.149348345","rc":[{"ltp":1.72,"id":2519549},{"ltp":2.38,"id":9193006}]}]}
{"op":"mcm","clk":"7676371613","pt":1539241828929,"mc":[{"id":"1.149348345","rc":[{"ltp":1.62,"id":2519549},{"ltp":2.62,"id":9193006}]}]}
{"op":"mcm","clk":"7676374607","pt":1539241889302,"mc":[{"id":"1.149348345","rc":[{"ltp":1.67,"id":2519549},{"ltp":2.48,"id":9193006}]}]}
{"op":"mcm","clk":"7676385407","pt":1539241949210,"mc":[{"id":"1.149348345","rc":[{"ltp":2.6,"id":9193006}]}]}
{"op":"mcm","clk":"7676388085","pt":1539242009279,"mc":[{"id":"1.149348345","rc":[{"ltp":1.66,"id":2519549},{"ltp":2.5,"id":9193006}]}]}
{"op":"mcm","clk":"7676391101","pt":1539242069280,"mc":[{"id":"1.149348345","rc":[{"ltp":1.54,"id":2519549},{"ltp":2.78,"id":9193006}]}]}
{"op":"mcm","clk":"7676393826","pt":1539242129368,"mc":[{"id":"1.149348345","rc":[{"ltp":1.47,"id":2519549},{"ltp":3.1,"id":9193006}]}]}
{"op":"mcm","clk":"7676396567","pt":1539242189364,"mc":[{"id":"1.149348345","rc":[{"ltp":1.28,"id":2519549},{"ltp":4.6,"id":9193006}]}]}
{"op":"mcm","clk":"7676399123","pt":1539242249239,"mc":[{"id":"1.149348345","rc":[{"ltp":1.27,"id":2519549},{"ltp":4.7,"id":9193006}]}]}
{"op":"mcm","clk":"7676401514","pt":1539242309184,"mc":[{"id":"1.149348345","rc":[{"ltp":4.8,"id":9193006}]}]}
{"op":"mcm","clk":"7676404098","pt":1539242369064,"mc":[{"id":"1.149348345","rc":[{"ltp":1.26,"id":2519549}]}]}
{"op":"mcm","clk":"7676406396","pt":1539242429234,"mc":[{"id":"1.149348345","rc":[{"ltp":5.0,"id":9193006}]}]}
{"op":"mcm","clk":"7676408733","pt":1539242488698,"mc":[{"id":"1.149348345","rc":[{"ltp":1.25,"id":2519549},{"ltp":5.1,"id":9193006}]}]}
{"op":"mcm","clk":"7676411043","pt":1539242549310,"mc":[{"id":"1.149348345","rc":[{"ltp":5.0,"id":9193006}]}]}
{"op":"mcm","clk":"7676413365","pt":1539242609269,"mc":[{"id":"1.149348345","rc":[{"ltp":1.24,"id":2519549},{"ltp":4.8,"id":9193006}]}]}
{"op":"mcm","clk":"7676415891","pt":1539242669226,"mc":[{"id":"1.149348345","rc":[{"ltp":1.26,"id":2519549},{"ltp":4.7,"id":9193006}]}]}
{"op":"mcm","clk":"7676418506","pt":1539242729318,"mc":[{"id":"1.149348345","rc":[{"ltp":4.8,"id":9193006}]}]}
{"op":"mcm","clk":"7676420894","pt":1539242788120,"mc":[{"id":"1.149348345","rc":[{"ltp":1.27,"id":2519549}]}]}
{"op":"mcm","clk":"7676432009","pt":1539242848718,"mc":[{"id":"1.149348345","rc":[{"ltp":4.7,"id":9193006}]}]}
{"op":"mcm","clk":"7676434933","pt":1539242909182,"mc":[{"id":"1.149348345","rc":[{"ltp":1.25,"id":2519549}]}]}
{"op":"mcm","clk":"7676437347","pt":1539242967286,"mc":[{"id":"1.149348345","rc":[{"ltp":1.27,"id":2519549},{"ltp":4.6,"id":9193006}]}]}
{"op":"mcm","clk":"7676440087","pt":1539243029301,"mc":[{"id":"1.149348345","rc":[{"ltp":1.26,"id":2519549}]}]}
{"op":"mcm","clk":"7676442705","pt":1539243089287,"mc":[{"id":"1.149348345","rc":[{"ltp":1.21,"id":2519549},{"ltp":5.5,"id":9193006}]}]}
{"op":"mcm","clk":"7676445355","pt":1539243147493,"mc":[{"id":"1.149348345","rc":[{"ltp":1.23,"id":2519549},{"ltp":5.2,"id":9193006}]}]}
{"op":"mcm","clk":"7676447807","pt":1539243207743,"mc":[{"id":"1.149348345","rc":[{"ltp":1.25,"id":2519549},{"ltp":5.0,"id":9193006}]}]}
{"op":"mcm","clk":"7676450031","pt":1539243269101,"mc":[{"id":"1.149348345","rc":[{"ltp":1.24,"id":2519549},{"ltp":5.3,"id":9193006}]}]}
{"op":"mcm","clk":"7676452369","pt":1539243329165,"mc":[{"id":"1.149348345","rc":[{"ltp":1.23,"id":2519549},{"ltp":5.0,"id":9193006}]}]}
{"op":"mcm","clk":"7676454578","pt":1539243388447,"mc":[{"id":"1.149348345","rc":[{"ltp":1.24,"id":2519549},{"ltp":5.4,"id":9193006}]}]}
{"op":"mcm","clk":"7676457035","pt":1539243449280,"mc":[{"id":"1.149348345","rc":[{"ltp":4.9,"id":9193006}]}]}
{"op":"mcm","clk":"7676459100","pt":1539243508754,"mc":[{"id":"1.149348345","rc":[{"ltp":1.26,"id":2519549},{"ltp":5.0,"id":9193006}]}]}
{"op":"mcm","clk":"7676461215","pt":1539243568922,"mc":[{"id":"1.149348345","rc":[{"ltp":1.22,"id":2519549},{"ltp":5.2,"id":9193006}]}]}
{"op":"mcm","clk":"7676463254","pt":1539243628464,"mc":[{"id":"1.149348345","rc":[{"ltp":1.21,"id":2519549},{"ltp":5.7,"id":9193006}]}]}
{"op":"mcm","clk":"7676465599","pt":1539243689345,"mc":[{"id":"1.149348345","rc":[{"ltp":1.22,"id":2519549},{"ltp":5.5,"id":9193006}]}]}
{"op":"mcm","clk":"7676476084","pt":1539243748793,"mc":[{"id":"1.149348345","rc":[{"ltp":1.23,"id":2519549},{"ltp":5.7,"id":9193006}]}]}
{"op":"mcm","clk":"7676478339","pt":1539243809178,"mc":[{"id":"1.149348345","rc":[{"ltp":5.3,"id":9193006}]}]}
{"op":"mcm","clk":"7676480792","pt":1539243869116,"mc":[{"id":"1.149348345","rc":[{"ltp":1.22,"id":2519549},{"ltp":5.6,"id":9193006}]}]}
{"op":"mcm","clk":"7676483403","pt":1539243929194,"mc":[{"id":"1.149348345","rc":[{"ltp":1.26,"id":2519549},{"ltp":5.0,"id":9193006}]}]}
{"op":"mcm","clk":"7676485811","pt":1539243989359,"mc":[{"id":"1.149348345","rc":[{"ltp":1.33,"id":2519549},{"ltp":4.0,"id":9193006}]}]}
{"op":"mcm","clk":"7676488482","pt":1539244048933,"mc":[{"id":"1.149348345","rc":[{"ltp":1.58,"id":2519549},{"ltp":2.66,"id":9193006}]}]}
{"op":"mcm","clk":"7676491937","pt":1539244109214,"mc":[{"id":"1.149348345","rc":[{"ltp":1.55,"id":2519549},{"ltp":2.78,"id":9193006}]}]}
{"op":"mcm","clk":"7676494846","pt":1539244168973,"mc":[{"id":"1.149348345","rc":[{"ltp":1.53,"id":2519549}]}]}
{"op":"mcm","clk":"7676497433","pt":1539244229341,"mc":[{"id":"1.149348345","rc":[{"ltp":1.37,"id":2519549},{"ltp":3.6,"id":9193006}]}]}
{"op":"mcm","clk":"7676500367","pt":1539244289309,"mc":[{"id":"1.149348345","rc":[{"ltp":1.51,"id":2519549},{"ltp":2.96,"id":9193006}]}]}
{"op":"mcm","clk":"7676503335","pt":1539244349366,"mc":[{"id":"1.149348345","rc":[{"ltp":1.49,"id":2519549},{"ltp":3.0,"id":9193006}]}]}
{"op":"mcm","clk":"7676506409","pt":1539244408914,"mc":[{"id":"1.149348345","rc":[{"ltp":1.2,"id":2519549},{"ltp":6.0,"id":9193006}]}]}
{"op":"mcm","clk":"7676509514","pt":1539244469070,"mc":[{"id":"1.149348345","rc":[{"ltp":1.19,"id":2519549},{"ltp":6.4,"id":9193006}]}]}
{"op":"mcm","clk":"7676512332","pt":1539244528647,"mc":[{"id":"1.149348345","rc":[{"ltp":1.2,"id":2519549},{"ltp":6.0,"id":9193006}]}]}
{"op":"mcm","clk":"7676525811","pt":1539244649341,"mc":[{"id":"1.149348345","rc":[{"ltp":5.8,"id":9193006}]}]}
{"op":"mcm","clk":"7676528576","pt":1539244709010,"mc":[{"id":"1.149348345","rc":[{"ltp":6.2,"id":9193006}]}]}
{"op":"mcm","clk":"7676531284","pt":1539244769163,"mc":[{"id":"1.149348345","rc":[{"ltp":5.7,"id":9193006}]}]}
{"op":"mcm","clk":"7676533715","pt":1539244829319,"mc":[{"id":"1.149348345","rc":[{"ltp":1.21,"id":2519549},{"ltp":5.5,"id":9193006}]}]}
{"op":"mcm","clk":"7676535858","pt":1539244889277,"mc":[{"id":"1.149348345","rc":[{"ltp":1.22,"id":2519549},{"ltp":5.6,"id":9193006}]}]}
{"op":"mcm","clk":"7676538380","pt":1539244948739,"mc":[{"id":"1.149348345","rc":[{"ltp":5.7,"id":9193006}]}]}
{"op":"mcm","clk":"7676541141","pt":1539245007004,"mc":[{"id":"1.149348345","rc":[{"ltp":1.2,"id":2519549}]}]}
{"op":"mcm","clk":"7676544010","pt":1539245069346,"mc":[{"id":"1.149348345","rc":[{"ltp":6.0,"id":9193006}]}]}
{"op":"mcm","clk":"7676552928","pt":1539245249366,"mc":[{"id":"1.149348345","rc":[{"ltp":1.21,"id":2519549},{"ltp":5.7,"id":9193006}]}]}
{"op":"mcm","clk":"7676555529","pt":1539245309083,"mc":[{"id":"1.149348345","rc":[{"ltp":1.22,"id":2519549},{"ltp":5.3,"id":9193006}]}]}
{"op":"mcm","clk":"7676558511","pt":1539245369176,"mc":[{"id":"1.149348345","rc":[{"ltp":5.4,"id":9193006}]}]}
{"op":"mcm","clk":"7676561167","pt":1539245427108,"mc":[{"id":"1.149348345","rc":[{"ltp":1.2,"id":2519549},{"ltp":6.0,"id":9193006}]}]}
{"op":"mcm","clk":"7676563884","pt":1539245489098,"mc":[{"id":"1.149348345","rc":[{"ltp":6.2,"id":9193006}]}]}
{"op":"mcm","clk":"7676574670","pt":1539245549352,"mc":[{"id":"1.149348345","rc":[{"ltp":1.19,"id":2519549}]}]}
{"op":"mcm","clk":"7676577465","pt":1539245609233,"mc":[{"id":"1.149348345","rc":[{"ltp":1.22,"id":2519549},{"ltp":6.0,"id":9193006}]}]}
{"op":"mcm","clk":"7676580161","pt":1539245669295,"mc":[{"id":"1.149348345","rc":[{"ltp":1.21,"id":2519549},{"ltp":5.8,"id":9193006}]}]}
{"op":"mcm","clk":"7676582873","pt":1539245729033,"mc":[{"id":"1.149348345","rc":[{"ltp":1.22,"id":2519549},{"ltp":5.6,"id":9193006}]}]}
{"op":"mcm","clk":"7676588328","pt":1539245848946,"mc":[{"id":"1.149348345","rc":[{"ltp":1.2,"id":2519549},{"ltp":6.0,"id":9193006}]}]}
{"op":"mcm","clk":"7676591209","pt":1539245908761,"mc":[{"id":"1.149348345","rc":[{"ltp":1.22,"id":2519549},{"ltp":5.5,"id":9193006}]}]}
{"op":"mcm","clk":"7676594508","pt":1539245969262,"mc":[{"id":"1.149348345","rc":[{"ltp":1.25,"id":2519549},{"ltp":5.0,"id":9193006}]}]}
{"op":"mcm","clk":"7676597666","pt":1539246029204,"mc":[{"id":"1.149348345","rc":[{"ltp":1.2,"id":2519549},{"ltp":6.0,"id":9193006}]}]}
{"op":"mcm","clk":"7676600587","pt":1539246088873,"mc":[{"id":"1.149348345","rc":[{"ltp":1.19,"id":2519549},{"ltp":6.2,"id":9193006}]}]}
{"op":"mcm","clk":"7676603187","pt":1539246147309,"mc":[{"id":"1.149348345","rc":[{"ltp":1.2,"id":2519549},{"ltp":6.0,"id":9193006}]}]}
{"op":"mcm","clk":"7676606103","pt":1539246209365,"mc":[{"id":"1.149348345","rc":[{"ltp":7.2,"id":9193006}]}]}
{"op":"mcm","clk":"7676609226","pt":1539246269233,"mc":[{"id":"1.149348345","rc":[{"ltp":1.24,"id":2519549},{"ltp":6.0,"id":9193006}]}]}
{"op":"mcm","clk":"7676612183","pt":1539246328686,"mc":[{"id":"1.149348345","rc":[{"ltp":5.2,"id":9193006}]}]}
{"op":"mcm","clk":"7676614879","pt":1539246389102,"mc":[{"id":"1.149348345","rc":[{"ltp":1.2,"id":2519549},{"ltp":6.0,"id":9193006}]}]}
{"op":"mcm","clk":"7676625516","pt":1539246449259,"mc":[{"id":"1.149348345","rc":[{"ltp":1.26,"id":2519549},{"ltp":4.7,"id":9193006}]}]}
{"op":"mcm","clk":"7676627927","pt":1539246509244,"mc":[{"id":"1.149348345","rc":[{"ltp":1.2,"id":2519549},{"ltp":6.0,"id":9193006}]}]}
{"op":"mcm","clk":"7676633769","pt":1539246628565,"mc":[{"id":"1.149348345","rc":[{"ltp":1.24,"id":2519549},{"ltp":5.2,"id":9193006}]}]}
{"op":"mcm","clk":"7676636995","pt":1539246689309,"mc":[{"id":"1.149348345","rc":[{"ltp":1.26,"id":2519549},{"ltp":5.0,"id":9193006}]}]}
{"op":"mcm","clk":"7676640180","pt":1539246749220,"mc":[{"id":"1.149348345","rc":[{"ltp":1.28,"id":2519549},{"ltp":4.7,"id":9193006}]}]}
{"op":"mcm","clk":"7676643394","pt":1539246809285,"mc":[{"id":"1.149348345","rc":[{"ltp":1.4,"id":2519549},{"ltp":3.35,"id":9193006}]}]}
{"op":"mcm","clk":"7676646486","pt":1539246869340,"mc":[{"id":"1.149348345","rc":[{"ltp":1.28,"id":2519549},{"ltp":4.4,"id":9193006}]}]}
{"op":"mcm","clk":"7676649466","pt":1539246929212,"mc":[{"id":"1.149348345","rc":[{"ltp":1.24,"id":2519549},{"ltp":5.1,"id":9193006}]}]}
{"op":"mcm","clk":"7676652553","pt":1539246989063,"mc":[{"id":"1.149348345","rc":[{"ltp":1.23,"id":2519549},{"ltp":5.4,"id":9193006}]}]}
{"op":"mcm","clk":"7676658103","pt":1539247109317,"mc":[{"id":"1.149348345","rc":[{"ltp":1.27,"id":2519549},{"ltp":5.0,"id":9193006}]}]}
{"op":"mcm","clk":"7676660450","pt":1539247169279,"mc":[{"id":"1.149348345","rc":[{"ltp":4.7,"id":9193006}]}]}
{"op":"mcm","clk":"7676663187","pt":1539247229366,"mc":[{"id":"1.149348345","rc":[{"ltp":1.28,"id":2519549},{"ltp":4.6,"id":9193006}]}]}
{"op":"mcm","clk":"7676666353","pt":1539247289298,"mc":[{"id":"1.149348345","rc":[{"ltp":1.13,"id":2519549},{"ltp":9.2,"id":9193006}]}]}
{"op":"mcm","clk":"7676677343","pt":1539247349264,"mc":[{"id":"1.149348345","rc":[{"ltp":1.04,"id":2519549},{"ltp":26.0,"id":9193006}]}]}
{"op":"mcm","clk":"7676679915","pt":1539247409153,"mc":[{"id":"1.149348345","rc":[{"ltp":1.01,"id":2519549},{"ltp":50.0,"id":9193006}]}]}
{"op":"mcm","clk":"7676682634","pt":1539247469308,"mc":[{"id":"1.149348345","rc":[{"ltp":70.0,"id":9193006}]}]}
{"op":"mcm","clk":"7676685280","pt":1539247529253,"mc":[{"id":"1.149348345","rc":[{"ltp":190.0,"id":9193006}]}]}
{"op":"mcm","clk":"7676686851","pt":1539247567317,"mc":[{"id":"1.149348345","marketDefinition":{"bspMarket":false,"turnInPlayEnabled":true,"persistenceEnabled":true,"marketBaseRate":5.0,"eventId":"28948994","eventTypeId":"2","numberOfWinners":1,"bettingType":"ODDS","marketType":"MATCH_ODDS","marketTime":"2018-10-11T06:46:00.000Z","suspendTime":"2018-10-11T06:46:00.000Z","bspReconciled":false,"complete":true,"inPlay":true,"crossMatching":true,"runnersVoidable":false,"numberOfActiveRunners":2,"betDelay":5,"status":"SUSPENDED","runners":[{"status":"ACTIVE","sortPriority":1,"id":2519549,"name":"Kevin Anderson"},{"status":"ACTIVE","sortPriority":2,"id":9193006,"name":"Stefanos Tsitsipas"}],"regulators":["MR_INT"],"countryCode":"CN","discountAllowed":true,"timezone":"UTC","openDate":"2018-10-11T06:46:00.000Z","version":2449490472,"name":"Match Odds","eventName":"Anderson v Tsitsipas"},"rc":[{"ltp":210.0,"id":9193006}]}]}
{"op":"mcm","clk":"7676689685","pt":1539247637102,"mc":[{"id":"1.149348345","marketDefinition":{"bspMarket":false,"turnInPlayEnabled":true,"persistenceEnabled":true,"marketBaseRate":5.0,"eventId":"28948994","eventTypeId":"2","numberOfWinners":1,"bettingType":"ODDS","marketType":"MATCH_ODDS","marketTime":"2018-10-11T06:46:00.000Z","suspendTime":"2018-10-11T06:46:00.000Z","bspReconciled":false,"complete":true,"inPlay":true,"crossMatching":false,"runnersVoidable":false,"numberOfActiveRunners":0,"betDelay":5,"status":"CLOSED","settledTime":"2018-10-11T08:46:41.000Z","runners":[{"status":"WINNER","sortPriority":1,"id":2519549,"name":"Kevin Anderson"},{"status":"LOSER","sortPriority":2,"id":9193006,"name":"Stefanos Tsitsipas"}],"regulators":["MR_INT"],"countryCode":"CN","discountAllowed":true,"timezone":"UTC","openDate":"2018-10-11T06:46:00.000Z","version":2449491804,"name":"Match Odds","eventName":"Anderson v Tsitsipas"}}]}
