{"op":"mcm","clk":"7693977397","pt":1539987591864,"mc":[{"id":"1.149885940","marketDefinition":{"bspMarket":false,"turnInPlayEnabled":true,"persistenceEnabled":true,"marketBaseRate":5.0,"eventId":"28965679","eventTypeId":"2","numberOfWinners":1,"bettingType":"ODDS","marketType":"MATCH_ODDS","marketTime":"2018-10-20T13:00:00.000Z","suspendTime":"2018-10-20T13:00:00.000Z","bspReconciled":false,"complete":true,"inPlay":false,"crossMatching":true,"runnersVoidable":false,"numberOfActiveRunners":2,"betDelay":0,"status":"OPEN","runners":[{"status":"ACTIVE","sortPriority":1,"id":2474763,"name":"John Isner"},{"status":"ACTIVE","sortPriority":2,"id":2257536,"name":"Ernests Gulbis"}],"regulators":["MR_INT"],"countryCode":"SE","discountAllowed":true,"timezone":"UTC","openDate":"2018-10-20T13:00:00.000Z","version":2462762202,"name":"Match Odds","eventName":"Isner v Gulbis"}}]}
{"op":"mcm","clk":"7694016230","pt":1539987910217,"mc":[{"id":"1.149885940","rc":[{"ltp":1.5,"id":2474763}]}]}
{"op":"mcm","clk":"7694104056","pt":1539989013537,"mc":[{"id":"1.149885940","rc":[{"ltp":3.0,"id":2257536}]}]}
{"op":"mcm","clk":"7694175709","pt":1539990050623,"mc":[{"id":"1.149885940","rc":[{"ltp":1.6,"id":2474763},{"ltp":2.66,"id":2257536}]}]}
{"op":"mcm","clk":"7694225460","pt":1539990682317,"mc":[{"id":"1.149885940","rc":[{"ltp":1.5,"id":2474763},{"ltp":3.0,"id":2257536}]}]}
{"op":"mcm","clk":"7694230189","pt":1539990772248,"mc":[{"id":"1.149885940","rc":[{"ltp":1.6,"id":2474763},{"ltp":2.66,"id":2257536}]}]}
{"op":"mcm","clk":"7694247876","pt":1539991029866,"mc":[{"id":"1.149885940","rc":[{"ltp":1.5,"id":2474763},{"ltp":3.0,"id":2257536}]}]}
{"op":"mcm","clk":"7694327149","pt":1539991843767,"mc":[{"id":"1.149885940","rc":[{"ltp":1.6,"id":2474763},{"ltp":2.66,"id":2257536}]}]}
{"op":"mcm","clk":"7694342602","pt":1539992036146,"mc":[{"id":"1.149885940","rc":[{"ltp":1.5,"id":2474763},{"ltp":3.0,"id":2257536}]}]}
{"op":"mcm","clk":"7694726199","pt":1539995989965,"mc":[{"id":"1.149885940","rc":[{"ltp":1.56,"id":2474763},{"ltp":2.8,"id":2257536}]}]}
{"op":"mcm","clk":"7694764762","pt":1539996527047,"mc":[{"id":"1.149885940","rc":[{"ltp":1.53,"id":2474763}]}]}
{"op":"mcm","clk":"7694910639","pt":1539997875893,"mc":[{"id":"1.149885940","rc":[{"ltp":2.9,"id":2257536}]}]}
{"op":"mcm","clk":"7694918044","pt":1539997964876,"mc":[{"id":"1.149885940","rc":[{"ltp":2.84,"id":2257536}]}]}
{"op":"mcm","clk":"7695498679","pt":1540003583249,"mc":[{"id":"1.149885940","rc":[{"ltp":1.55,"id":2474763},{"ltp":2.82,"id":2257536}]}]}
{"op":"mcm","clk":"7695554559","pt":1540004236344,"mc":[{"id":"1.149885940","rc":[{"ltp":1.56,"id":2474763},{"ltp":2.8,"id":2257536}]}]}
{"op":"mcm","clk":"7695613488","pt":1540005152078,"mc":[{"id":"1.149885940","rc":[{"ltp":1.55,"id":2474763}]}]}
{"op":"mcm","clk":"7695808017","pt":1540007661115,"mc":[{"id":"1.149885940","rc":[{"ltp":1.53,"id":2474763}]}]}
{"op":"mcm","clk":"7695813635","pt":1540007747293,"mc":[{"id":"1.149885940","rc":[{"ltp":1.56,"id":2474763}]}]}
{"op":"mcm","clk":"7696085964","pt":1540011039284,"mc":[{"id":"1.149885940","rc":[{"ltp":1.54,"id":2474763}]}]}
{"op":"mcm","clk":"7696325472","pt":1540013366755,"mc":[{"id":"1.149885940","rc":[{"ltp":2.82,"id":2257536}]}]}
{"op":"mcm","clk":"7696407161","pt":1540014034122,"mc":[{"id":"1.149885940","rc":[{"ltp":1.53,"id":2474763},{"ltp":2.88,"id":2257536}]}]}
{"op":"mcm","clk":"7696487496","pt":1540014872899,"mc":[{"id":"1.149885940","rc":[{"ltp":1.52,"id":2474763},{"ltp":2.92,"id":2257536}]}]}
{"op":"mcm","clk":"7696496715","pt":1540015001932,"mc":[{"id":"1.149885940","rc":[{"ltp":1.53,"id":2474763},{"ltp":2.9,"id":2257536}]}]}
{"op":"mcm","clk":"7696506358","pt":1540015128716,"mc":[{"id":"1.149885940","rc":[{"ltp":1.52,"id":2474763}]}]}
{"op":"mcm","clk":"7696606532","pt":1540015969201,"mc":[{"id":"1.149885940","rc":[{"ltp":1.53,"id":2474763},{"ltp":2.88,"id":2257536}]}]}
{"op":"mcm","clk":"7696616501","pt":1540016077428,"mc":[{"id":"1.149885940","rc":[{"ltp":1.51,"id":2474763}]}]}
{"op":"mcm","clk":"7696628245","pt":1540016195284,"mc":[{"id":"1.149885940","rc":[{"ltp":1.53,"id":2474763},{"ltp":2.9,"id":2257536}]}]}
{"op":"mcm","clk":"7696702737","pt":1540016786604,"mc":[{"id":"1.149885940","rc":[{"ltp":1.52,"id":2474763}]}]}
{"op":"mcm","clk":"7696803628","pt":1540017514795,"mc":[{"id":"1.149885940","rc":[{"ltp":1.53,"id":2474763},{"ltp":2.88,"id":2257536}]}]}
{"op":"mcm","clk":"7696833281","pt":1540017815231,"mc":[{"id":"1.149885940","rc":[{"ltp":1.54,"id":2474763}]}]}
{"op":"mcm","clk":"7696876719","pt":1540018307446,"mc":[{"id":"1.149885940","rc":[{"ltp":1.57,"id":2474763},{"ltp":2.7,"id":2257536}]}]}
{"op":"mcm","clk":"7696913467","pt":1540018548553,"mc":[{"id":"1.149885940","rc":[{"ltp":2.74,"id":2257536}]}]}
{"op":"mcm","clk":"7696917049","pt":1540018589389,"mc":[{"id":"1.149885940","rc":[{"ltp":2.78,"id":2257536}]}]}
{"op":"mcm","clk":"7696951496","pt":1540019031997,"mc":[{"id":"1.149885940","rc":[{"ltp":1.59,"id":2474763}]}]}
{"op":"mcm","clk":"7697031340","pt":1540019808119,"mc":[{"id":"1.149885940","rc":[{"ltp":1.6,"id":2474763},{"ltp":2.68,"id":2257536}]}]}
{"op":"mcm","clk":"7697036901","pt":1540019872229,"mc":[{"id":"1.149885940","rc":[{"ltp":1.61,"id":2474763},{"ltp":2.64,"id":2257536}]}]}
{"op":"mcm","clk":"7697041970","pt":1540019930467,"mc":[{"id":"1.149885940","rc":[{"ltp":1.63,"id":2474763},{"ltp":2.62,"id":2257536}]}]}
{"op":"mcm","clk":"7697136903","pt":1540020685900,"mc":[{"id":"1.149885940","rc":[{"ltp":1.6,"id":2474763}]}]}
{"op":"mcm","clk":"7697147447","pt":1540020794266,"mc":[{"id":"1.149885940","rc":[{"ltp":1.61,"id":2474763},{"ltp":2.66,"id":2257536}]}]}
{"op":"mcm","clk":"7697161480","pt":1540020942646,"mc":[{"id":"1.149885940","rc":[{"ltp":2.62,"id":2257536}]}]}
{"op":"mcm","clk":"7697169090","pt":1540021019849,"mc":[{"id":"1.149885940","rc":[{"ltp":1.6,"id":2474763}]}]}
{"op":"mcm","clk":"7697205226","pt":1540021228893,"mc":[{"id":"1.149885940","rc":[{"ltp":1.61,"id":2474763}]}]}
{"op":"mcm","clk":"7697211992","pt":1540021288010,"mc":[{"id":"1.149885940","rc":[{"ltp":1.63,"id":2474763},{"ltp":2.58,"id":2257536}]}]}
{"op":"mcm","clk":"7697223241","pt":1540021414585,"mc":[{"id":"1.149885940","rc":[{"ltp":1.64,"id":2474763}]}]}
{"op":"mcm","clk":"7697328365","pt":1540022196339,"mc":[{"id":"1.149885940","rc":[{"ltp":2.6,"id":2257536}]}]}
{"op":"mcm","clk":"7697335353","pt":1540022260049,"mc":[{"id":"1.149885940","rc":[{"ltp":1.62,"id":2474763}]}]}
{"op":"mcm","clk":"7697344128","pt":1540022326239,"mc":[{"id":"1.149885940","rc":[{"ltp":1.61,"id":2474763},{"ltp":2.66,"id":2257536}]}]}
{"op":"mcm","clk":"7697349317","pt":1540022378756,"mc":[{"id":"1.149885940","rc":[{"ltp":1.62,"id":2474763}]}]}
{"op":"mcm","clk":"7697356410","pt":1540022450441,"mc":[{"id":"1.149885940","rc":[{"ltp":1.63,"id":2474763},{"ltp":2.58,"id":2257536}]}]}
{"op":"mcm","clk":"7697361482","pt":1540022503973,"mc":[{"id":"1.149885940","rc":[{"ltp":1.61,"id":2474763}]}]}
{"op":"mcm","clk":"7697382415","pt":1540022682859,"mc":[{"id":"1.149885940","rc":[{"ltp":2.56,"id":2257536}]}]}
{"op":"mcm","clk":"7697430946","pt":1540022957232,"mc":[{"id":"1.149885940","rc":[{"ltp":1.63,"id":2474763}]}]}
{"op":"mcm","clk":"7697452571","pt":1540023147265,"mc":[{"id":"1.149885940","rc":[{"ltp":2.62,"id":2257536}]}]}
{"op":"mcm","clk":"7697501528","pt":1540023521543,"mc":[{"id":"1.149885940","rc":[{"ltp":1.64,"id":2474763}]}]}
{"op":"mcm","clk":"7697513514","pt":1540023605063,"mc":[{"id":"1.149885940","rc":[{"ltp":1.62,"id":2474763}]}]}
{"op":"mcm","clk":"7697596479","pt":1540024068498,"mc":[{"id":"1.149885940","rc":[{"ltp":2.58,"id":2257536}]}]}
{"op":"mcm","clk":"7697641881","pt":1540024406114,"mc":[{"id":"1.149885940","rc":[{"ltp":2.6,"id":2257536}]}]}
{"op":"mcm","clk":"7697660201","pt":1540024539461,"mc":[{"id":"1.149885940","rc":[{"ltp":1.63,"id":2474763}]}]}
{"op":"mcm","clk":"7697668639","pt":1540024606203,"mc":[{"id":"1.149885940","rc":[{"ltp":1.62,"id":2474763}]}]}
{"op":"mcm","clk":"7697716813","pt":1540024829171,"mc":[{"id":"1.149885940","rc":[{"ltp":1.64,"id":2474763},{"ltp":2.56,"id":2257536}]}]}
{"op":"mcm","clk":"7697795340","pt":1540025313442,"mc":[{"id":"1.149885940","rc":[{"ltp":1.63,"id":2474763}]}]}
{"op":"mcm","clk":"7697814745","pt":1540025452214,"mc":[{"id":"1.149885940","rc":[{"ltp":1.65,"id":2474763}]}]}
{"op":"mcm","clk":"7697822752","pt":1540025511555,"mc":[{"id":"1.149885940","rc":[{"ltp":2.48,"id":2257536}]}]}
{"op":"mcm","clk":"7697936046","pt":1540026171975,"mc":[{"id":"1.149885940","rc":[{"ltp":1.66,"id":2474763}]}]}
{"op":"mcm","clk":"7698032761","pt":1540026667631,"mc":[{"id":"1.149885940","rc":[{"ltp":2.5,"id":2257536}]}]}
{"op":"mcm","clk":"7698195424","pt":1540027514179,"mc":[{"id":"1.149885940","rc":[{"ltp":1.65,"id":2474763}]}]}
{"op":"mcm","clk":"7698219688","pt":1540027662832,"mc":[{"id":"1.149885940","rc":[{"ltp":1.66,"id":2474763}]}]}
{"op":"mcm","clk":"7698361980","pt":1540028392085,"mc":[{"id":"1.149885940","rc":[{"ltp":1.67,"id":2474763},{"ltp":2.48,"id":2257536}]}]}
{"op":"mcm","clk":"7698371484","pt":1540028450275,"mc":[{"id":"1.149885940","rc":[{"ltp":1.66,"id":2474763},{"ltp":2.5,"id":2257536}]}]}
{"op":"mcm","clk":"7698410072","pt":1540028681092,"mc":[{"id":"1.149885940","rc":[{"ltp":2.48,"id":2257536}]}]}
{"op":"mcm","clk":"7698645145","pt":1540030005701,"mc":[{"id":"1.149885940","rc":[{"ltp":1.67,"id":2474763}]}]}
{"op":"mcm","clk":"7698682316","pt":1540030124028,"mc":[{"id":"1.149885940","rc":[{"ltp":2.5,"id":2257536}]}]}
{"op":"mcm","clk":"7698724304","pt":1540030349025,"mc":[{"id":"1.149885940","rc":[{"ltp":1.66,"id":2474763}]}]}
{"op":"mcm","clk":"7698791989","pt":1540030706569,"mc":[{"id":"1.149885940","rc":[{"ltp":1.67,"id":2474763}]}]}
{"op":"mcm","clk":"7698928391","pt":1540031327654,"mc":[{"id":"1.149885940","rc":[{"ltp":1.68,"id":2474763},{"ltp":2.46,"id":2257536}]}]}
{"op":"mcm","clk":"7698939122","pt":1540031386922,"mc":[{"id":"1.149885940","rc":[{"ltp":1.67,"id":2474763}]}]}
{"op":"mcm","clk":"7698948051","pt":1540031436729,"mc":[{"id":"1.149885940","rc":[{"ltp":1.69,"id":2474763},{"ltp":2.44,"id":2257536}]}]}
{"op":"mcm","clk":"7698957454","pt":1540031493610,"mc":[{"id":"1.149885940","rc":[{"ltp":1.67,"id":2474763},{"ltp":2.46,"id":2257536}]}]}
{"op":"mcm","clk":"7699010686","pt":1540031812506,"mc":[{"id":"1.149885940","rc":[{"ltp":1.69,"id":2474763},{"ltp":2.44,"id":2257536}]}]}
{"op":"mcm","clk":"7699047135","pt":1540031918911,"mc":[{"id":"1.149885940","rc":[{"ltp":2.4,"id":2257536}]}]}
{"op":"mcm","clk":"7699059328","pt":1540031985754,"mc":[{"id":"1.149885940","rc":[{"ltp":2.42,"id":2257536}]}]}
{"op":"mcm","clk":"7699070472","pt":1540032043199,"mc":[{"id":"1.149885940","rc":[{"ltp":2.4,"id":2257536}]}]}
{"op":"mcm","clk":"7699082401","pt":1540032107322,"mc":[{"id":"1.149885940","rc":[{"ltp":1.71,"id":2474763}]}]}
{"op":"mcm","clk":"7699093507","pt":1540032168812,"mc":[{"id":"1.149885940","rc":[{"ltp":2.46,"id":2257536}]}]}
{"op":"mcm","clk":"7699184857","pt":1540032712570,"mc":[{"id":"1.149885940","rc":[{"ltp":1.7,"id":2474763},{"ltp":2.44,"id":2257536}]}]}
{"op":"mcm","clk":"7699209725","pt":1540032766563,"mc":[{"id":"1.149885940","rc":[{"ltp":1.69,"id":2474763}]}]}
{"op":"mcm","clk":"7699265217","pt":1540033069427,"mc":[{"id":"1.149885940","rc":[{"ltp":1.68,"id":2474763},{"ltp":2.46,"id":2257536}]}]}
{"op":"mcm","clk":"7699336406","pt":1540033425784,"mc":[{"id":"1.149885940","rc":[{"ltp":1.69,"id":2474763}]}]}
{"op":"mcm","clk":"7699426362","pt":1540033788782,"mc":[{"id":"1.149885940","rc":[{"ltp":1.67,"id":2474763},{"ltp":2.5,"id":2257536}]}]}
{"op":"mcm","clk":"7699616611","pt":1540034704854,"mc":[{"id":"1.149885940","rc":[{"ltp":2.44,"id":2257536}]}]}
{"op":"mcm","clk":"7699639627","pt":1540034811988,"mc":[{"id":"1.149885940","rc":[{"ltp":1.69,"id":2474763}]}]}
{"op":"mcm","clk":"7699649783","pt":1540034855255,"mc":[{"id":"1.149885940","rc":[{"ltp":1.68,"id":2474763}]}]}
{"op":"mcm","clk":"7699693356","pt":1540035046634,"mc":[{"id":"1.149885940","rc":[{"ltp":1.7,"id":2474763}]}]}
{"op":"mcm","clk":"7699842536","pt":1540035647926,"mc":[{"id":"1.149885940","rc":[{"ltp":1.69,"id":2474763}]}]}
{"op":"mcm","clk":"7699960469","pt":1540036252560,"mc":[{"id":"1.149885940","rc":[{"ltp":1.7,"id":2474763}]}]}
{"op":"mcm","clk":"7700024409","pt":1540036527553,"mc":[{"id":"1.149885940","rc":[{"ltp":1.68,"id":2474763}]}]}
{"op":"mcm","clk":"7700038464","pt":1540036611372,"mc":[{"id":"1.149885940","rc":[{"ltp":1.7,"id":2474763},{"ltp":2.42,"id":2257536}]}]}
{"op":"mcm","clk":"7700226063","pt":1540037384999,"mc":[{"id":"1.149885940","rc":[{"ltp":1.71,"id":2474763}]}]}
{"op":"mcm","clk":"7700261783","pt":1540037517949,"mc":[{"id":"1.149885940","rc":[{"ltp":1.7,"id":2474763}]}]}
{"op":"mcm","clk":"7700330658","pt":1540037811088,"mc":[{"id":"1.149885940","rc":[{"ltp":2.4,"id":2257536}]}]}
{"op":"mcm","clk":"7700356795","pt":1540037924962,"mc":[{"id":"1.149885940","rc":[{"ltp":1.71,"id":2474763}]}]}
{"op":"mcm","clk":"7700371733","pt":1540037989791,"mc":[{"id":"1.149885940","rc":[{"ltp":1.7,"id":2474763}]}]}
{"op":"mcm","clk":"7700428652","pt":1540038153946,"mc":[{"id":"1.149885940","rc":[{"ltp":1.71,"id":2474763}]}]}
{"op":"mcm","clk":"7700445451","pt":1540038229337,"mc":[{"id":"1.149885940","rc":[{"ltp":1.7,"id":2474763}]}]}
{"op":"mcm","clk":"7700473386","pt":1540038349974,"mc":[{"id":"1.149885940","rc":[{"ltp":1.71,"id":2474763}]}]}
{"op":"mcm","clk":"7700486059","pt":1540038407044,"mc":[{"id":"1.149885940","rc":[{"ltp":1.7,"id":2474763}]}]}
{"op":"mcm","clk":"7700628161","pt":1540039012346,"mc":[{"id":"1.149885940","rc":[{"ltp":1.71,"id":2474763}]}]}
{"op":"mcm","clk":"7700660231","pt":1540039072536,"mc":[{"id":"1.149885940","rc":[{"ltp":1.74,"id":2474763},{"ltp":2.38,"id":2257536}]}]}
{"op":"mcm","clk":"7700674318","pt":1540039130873,"mc":[{"id":"1.149885940","rc":[{"ltp":1.68,"id":2474763},{"ltp":2.42,"id":2257536}]}]}
{"op":"mcm","clk":"7700688717","pt":1540039191629,"mc":[{"id":"1.149885940","rc":[{"ltp":1.69,"id":2474763},{"ltp":2.44,"id":2257536}]}]}
{"op":"mcm","clk":"7700703008","pt":1540039251329,"mc":[{"id":"1.149885940","rc":[{"ltp":1.71,"id":2474763},{"ltp":2.42,"id":2257536}]}]}
{"op":"mcm","clk":"7700714249","pt":1540039299791,"mc":[{"id":"1.149885940","rc":[{"ltp":1.69,"id":2474763}]}]}
{"op":"mcm","clk":"7700730431","pt":1540039369898,"mc":[{"id":"1.149885940","rc":[{"ltp":2.46,"id":2257536}]}]}
{"op":"mcm","clk":"7700775872","pt":1540039544093,"mc":[{"id":"1.149885940","rc":[{"ltp":1.71,"id":2474763},{"ltp":2.4,"id":2257536}]}]}
{"op":"mcm","clk":"7700790413","pt":1540039611706,"mc":[{"id":"1.149885940","rc":[{"ltp":1.72,"id":2474763}]}]}
{"op":"mcm","clk":"7700801060","pt":1540039665623,"mc":[{"id":"1.149885940","rc":[{"ltp":1.7,"id":2474763}]}]}
{"op":"mcm","clk":"7700813632","pt":1540039732018,"mc":[{"id":"1.149885940","rc":[{"ltp":2.38,"id":2257536}]}]}
{"op":"mcm","clk":"7700835413","pt":1540039850601,"mc":[{"id":"1.149885940","rc":[{"ltp":2.44,"id":2257536}]}]}
{"op":"mcm","clk":"7700846086","pt":1540039910624,"mc":[{"id":"1.149885940","rc":[{"ltp":1.71,"id":2474763},{"ltp":2.4,"id":2257536}]}]}
{"op":"mcm","clk":"7700873400","pt":1540039969217,"mc":[{"id":"1.149885940","rc":[{"ltp":1.7,"id":2474763}]}]}
{"op":"mcm","clk":"7700883396","pt":1540040027371,"mc":[{"id":"1.149885940","marketDefinition":{"bspMarket":false,"turnInPlayEnabled":true,"persistenceEnabled":true,"marketBaseRate":5.0,"eventId":"28965679","eventTypeId":"2","numberOfWinners":1,"bettingType":"ODDS","marketType":"MATCH_ODDS","marketTime":"2018-10-20T12:50:00.000Z","suspendTime":"2018-10-20T12:50:00.000Z","bspReconciled":false,"complete":true,"inPlay":false,"crossMatching":true,"runnersVoidable":false,"numberOfActiveRunners":2,"betDelay":0,"status":"OPEN","runners":[{"status":"ACTIVE","sortPriority":1,"id":2474763,"name":"John Isner"},{"status":"ACTIVE","sortPriority":2,"id":2257536,"name":"Ernests Gulbis"}],"regulators":["MR_INT"],"countryCode":"SE","discountAllowed":true,"timezone":"UTC","openDate":"2018-10-20T12:50:00.000Z","version":2464027433,"name":"Match Odds","eventName":"Isner v Gulbis"},"rc":[{"ltp":2.42,"id":2257536}]}]}
{"op":"mcm","clk":"7700895344","pt":1540040091723,"mc":[{"id":"1.149885940","rc":[{"ltp":1.66,"id":2474763},{"ltp":2.5,"id":2257536}]}]}
{"op":"mcm","clk":"7700906982","pt":1540040151712,"mc":[{"id":"1.149885940","rc":[{"ltp":1.65,"id":2474763},{"ltp":2.54,"id":2257536}]}]}
{"op":"mcm","clk":"7700918088","pt":1540040211922,"mc":[{"id":"1.149885940","rc":[{"ltp":1.64,"id":2474763},{"ltp":2.52,"id":2257536}]}]}
{"op":"mcm","clk":"7700928798","pt":1540040272545,"mc":[{"id":"1.149885940","rc":[{"ltp":2.54,"id":2257536}]}]}
{"op":"mcm","clk":"7700940825","pt":1540040330506,"mc":[{"id":"1.149885940","rc":[{"ltp":1.65,"id":2474763}]}]}
{"op":"mcm","clk":"7700980663","pt":1540040512596,"mc":[{"id":"1.149885940","rc":[{"ltp":1.64,"id":2474763},{"ltp":2.5,"id":2257536}]}]}
{"op":"mcm","clk":"7700993715","pt":1540040570129,"mc":[{"id":"1.149885940","rc":[{"ltp":1.65,"id":2474763}]}]}
{"op":"mcm","clk":"7701006793","pt":1540040631644,"mc":[{"id":"1.149885940","rc":[{"ltp":1.63,"id":2474763},{"ltp":2.56,"id":2257536}]}]}
{"op":"mcm","clk":"7701017944","pt":1540040682678,"mc":[{"id":"1.149885940","rc":[{"ltp":1.64,"id":2474763}]}]}
{"op":"mcm","clk":"7701029437","pt":1540040732583,"mc":[{"id":"1.149885940","rc":[{"ltp":1.63,"id":2474763}]}]}
{"op":"mcm","clk":"7701044025","pt":1540040798588,"mc":[{"id":"1.149885940","rc":[{"ltp":1.65,"id":2474763}]}]}
{"op":"mcm","clk":"7701076100","pt":1540040857696,"mc":[{"id":"1.149885940","rc":[{"ltp":1.66,"id":2474763},{"ltp":2.52,"id":2257536}]}]}
{"op":"mcm","clk":"7701108173","pt":1540040992062,"mc":[{"id":"1.149885940","rc":[{"ltp":1.63,"id":2474763},{"ltp":2.5,"id":2257536}]}]}
{"op":"mcm","clk":"7701122262","pt":1540041052093,"mc":[{"id":"1.149885940","rc":[{"ltp":1.64,"id":2474763}]}]}
{"op":"mcm","clk":"7701135672","pt":1540041110355,"mc":[{"id":"1.149885940","rc":[{"ltp":1.65,"id":2474763}]}]}
{"op":"mcm","clk":"7701150311","pt":1540041165976,"mc":[{"id":"1.149885940","rc":[{"ltp":1.64,"id":2474763},{"ltp":2.56,"id":2257536}]}]}
{"op":"mcm","clk":"7701165588","pt":1540041228309,"mc":[{"id":"1.149885940","rc":[{"ltp":1.63,"id":2474763}]}]}
{"op":"mcm","clk":"7701194801","pt":1540041343734,"mc":[{"id":"1.149885940","rc":[{"ltp":1.62,"id":2474763}]}]}
{"op":"mcm","clk":"7701209603","pt":1540041409858,"mc":[{"id":"1.149885940","rc":[{"ltp":1.63,"id":2474763},{"ltp":2.58,"id":2257536}]}]}
{"op":"mcm","clk":"7701222869","pt":1540041472619,"mc":[{"id":"1.149885940","marketDefinition":{"bspMarket":false,"turnInPlayEnabled":true,"persistenceEnabled":true,"marketBaseRate":5.0,"eventId":"28965679","eventTypeId":"2","numberOfWinners":1,"bettingType":"ODDS","marketType":"MATCH_ODDS","marketTime":"2018-10-20T12:50:00.000Z","suspendTime":"2018-10-20T12:50:00.000Z","bspReconciled":false,"complete":true,"inPlay":true,"crossMatching":true,"runnersVoidable":false,"numberOfActiveRunners":2,"betDelay":5,"status":"OPEN","runners":[{"status":"ACTIVE","sortPriority":1,"id":2474763,"name":"John Isner"},{"status":"ACTIVE","sortPriority":2,"id":2257536,"name":"Ernests Gulbis"}],"regulators":["MR_INT"],"countryCode":"SE","discountAllowed":true,"timezone":"UTC","openDate":"2018-10-20T12:50:00.000Z","version":2464132738,"name":"Match Odds","eventName":"Isner v Gulbis"},"rc":[{"ltp":1.61,"id":2474763},{"ltp":2.66,"id":2257536}]}]}
{"op":"mcm","clk":"7701234963","pt":1540041532481,"mc":[{"id":"1.149885940","rc":[{"ltp":1.64,"id":2474763},{"ltp":2.56,"id":2257536}]}]}
{"op":"mcm","clk":"7701247361","pt":1540041592109,"mc":[{"id":"1.149885940","rc":[{"ltp":1.62,"id":2474763},{"ltp":2.58,"id":2257536}]}]}
{"op":"mcm","clk":"7701259966","pt":1540041652465,"mc":[{"id":"1.149885940","rc":[{"ltp":1.53,"id":2474763},{"ltp":2.74,"id":2257536}]}]}
{"op":"mcm","clk":"7701272303","pt":1540041712320,"mc":[{"id":"1.149885940","rc":[{"ltp":1.51,"id":2474763}]}]}
{"op":"mcm","clk":"7701302323","pt":1540041772455,"mc":[{"id":"1.149885940","rc":[{"ltp":1.45,"id":2474763},{"ltp":3.2,"id":2257536}]}]}
{"op":"mcm","clk":"7701315638","pt":1540041832648,"mc":[{"id":"1.149885940","rc":[{"ltp":1.44,"id":2474763},{"ltp":3.25,"id":2257536}]}]}
{"op":"mcm","clk":"7701328681","pt":1540041892604,"mc":[{"id":"1.149885940","rc":[{"ltp":1.25,"id":2474763},{"ltp":5.0,"id":2257536}]}]}
{"op":"mcm","clk":"7701341480","pt":1540041952041,"mc":[{"id":"1.149885940","rc":[{"ltp":1.27,"id":2474763},{"ltp":4.3,"id":2257536}]}]}
{"op":"mcm","clk":"7701353606","pt":1540042011648,"mc":[{"id":"1.149885940","rc":[{"ltp":1.29,"id":2474763},{"ltp":5.0,"id":2257536}]}]}
{"op":"mcm","clk":"7701365860","pt":1540042071916,"mc":[{"id":"1.149885940","rc":[{"ltp":5.2,"id":2257536}]}]}
{"op":"mcm","clk":"7701379121","pt":1540042132383,"mc":[{"id":"1.149885940","rc":[{"ltp":4.8,"id":2257536}]}]}
{"op":"mcm","clk":"7701392728","pt":1540042191667,"mc":[{"id":"1.149885940","rc":[{"ltp":1.26,"id":2474763},{"ltp":4.7,"id":2257536}]}]}
{"op":"mcm","clk":"7701407361","pt":1540042252311,"mc":[{"id":"1.149885940","rc":[{"ltp":4.8,"id":2257536}]}]}
{"op":"mcm","clk":"7701421282","pt":1540042310659,"mc":[{"id":"1.149885940","rc":[{"ltp":1.24,"id":2474763}]}]}
{"op":"mcm","clk":"7701435473","pt":1540042372035,"mc":[{"id":"1.149885940","rc":[{"ltp":1.22,"id":2474763},{"ltp":5.5,"id":2257536}]}]}
{"op":"mcm","clk":"7701449827","pt":1540042432306,"mc":[{"id":"1.149885940","rc":[{"ltp":1.18,"id":2474763},{"ltp":6.0,"id":2257536}]}]}
{"op":"mcm","clk":"7701464034","pt":1540042492641,"mc":[{"id":"1.149885940","rc":[{"ltp":1.2,"id":2474763},{"ltp":6.6,"id":2257536}]}]}
{"op":"mcm","clk":"7701479526","pt":1540042552575,"mc":[{"id":"1.149885940","rc":[{"ltp":1.19,"id":2474763}]}]}
{"op":"mcm","clk":"7701495130","pt":1540042612438,"mc":[{"id":"1.149885940","rc":[{"ltp":6.2,"id":2257536}]}]}
{"op":"mcm","clk":"7701527468","pt":1540042670915,"mc":[{"id":"1.149885940","rc":[{"ltp":1.18,"id":2474763},{"ltp":6.6,"id":2257536}]}]}
{"op":"mcm","clk":"7701543070","pt":1540042730839,"mc":[{"id":"1.149885940","rc":[{"ltp":1.19,"id":2474763}]}]}
{"op":"mcm","clk":"7701556914","pt":1540042792251,"mc":[{"id":"1.149885940","rc":[{"ltp":1.18,"id":2474763},{"ltp":6.2,"id":2257536}]}]}
{"op":"mcm","clk":"7701611487","pt":1540043032531,"mc":[{"id":"1.149885940","rc":[{"ltp":1.19,"id":2474763}]}]}
{"op":"mcm","clk":"7701625442","pt":1540043092161,"mc":[{"id":"1.149885940","rc":[{"ltp":1.2,"id":2474763}]}]}
{"op":"mcm","clk":"7701653728","pt":1540043212430,"mc":[{"id":"1.149885940","rc":[{"ltp":1.19,"id":2474763},{"ltp":6.0,"id":2257536}]}]}
{"op":"mcm","clk":"7701666826","pt":1540043272587,"mc":[{"id":"1.149885940","rc":[{"ltp":1.21,"id":2474763}]}]}
{"op":"mcm","clk":"7701679857","pt":1540043332499,"mc":[{"id":"1.149885940","rc":[{"ltp":1.19,"id":2474763},{"ltp":5.7,"id":2257536}]}]}
{"op":"mcm","clk":"7701692913","pt":1540043392500,"mc":[{"id":"1.149885940","rc":[{"ltp":1.2,"id":2474763}]}]}
{"op":"mcm","clk":"7701719151","pt":1540043512618,"mc":[{"id":"1.149885940","rc":[{"ltp":1.25,"id":2474763},{"ltp":5.0,"id":2257536}]}]}
{"op":"mcm","clk":"7701749634","pt":1540043572451,"mc":[{"id":"1.149885940","rc":[{"ltp":1.43,"id":2474763},{"ltp":3.3,"id":2257536}]}]}
{"op":"mcm","clk":"7701765561","pt":1540043632646,"mc":[{"id":"1.149885940","rc":[{"ltp":1.56,"id":2474763},{"ltp":2.82,"id":2257536}]}]}
{"op":"mcm","clk":"7701779230","pt":1540043691912,"mc":[{"id":"1.149885940","rc":[{"ltp":1.38,"id":2474763},{"ltp":3.55,"id":2257536}]}]}
{"op":"mcm","clk":"7701794037","pt":1540043752441,"mc":[{"id":"1.149885940","rc":[{"ltp":1.51,"id":2474763},{"ltp":2.98,"id":2257536}]}]}
{"op":"mcm","clk":"7701809666","pt":1540043812184,"mc":[{"id":"1.149885940","rc":[{"ltp":1.6,"id":2474763},{"ltp":2.62,"id":2257536}]}]}
{"op":"mcm","clk":"7701822075","pt":1540043872616,"mc":[{"id":"1.149885940","rc":[{"ltp":1.59,"id":2474763},{"ltp":2.66,"id":2257536}]}]}
{"op":"mcm","clk":"7701834820","pt":1540043932140,"mc":[{"id":"1.149885940","rc":[{"ltp":1.6,"id":2474763},{"ltp":2.68,"id":2257536}]}]}
{"op":"mcm","clk":"7701849612","pt":1540043992001,"mc":[{"id":"1.149885940","rc":[{"ltp":1.68,"id":2474763},{"ltp":2.46,"id":2257536}]}]}
{"op":"mcm","clk":"7701865420","pt":1540044052581,"mc":[{"id":"1.149885940","rc":[{"ltp":1.6,"id":2474763},{"ltp":2.62,"id":2257536}]}]}
{"op":"mcm","clk":"7701881573","pt":1540044112375,"mc":[{"id":"1.149885940","rc":[{"ltp":1.57,"id":2474763},{"ltp":2.76,"id":2257536}]}]}
{"op":"mcm","clk":"7701898407","pt":1540044171594,"mc":[{"id":"1.149885940","rc":[{"ltp":1.54,"id":2474763},{"ltp":3.0,"id":2257536}]}]}
{"op":"mcm","clk":"7701915540","pt":1540044231937,"mc":[{"id":"1.149885940","rc":[{"ltp":1.44,"id":2474763},{"ltp":3.25,"id":2257536}]}]}
{"op":"mcm","clk":"7701932216","pt":1540044292527,"mc":[{"id":"1.149885940","rc":[{"ltp":1.56,"id":2474763},{"ltp":2.9,"id":2257536}]}]}
{"op":"mcm","clk":"7701949460","pt":1540044352471,"mc":[{"id":"1.149885940","rc":[{"ltp":1.4,"id":2474763},{"ltp":3.55,"id":2257536}]}]}
{"op":"mcm","clk":"7701967267","pt":1540044412398,"mc":[{"id":"1.149885940","rc":[{"ltp":1.48,"id":2474763},{"ltp":3.0,"id":2257536}]}]}
{"op":"mcm","clk":"7702001532","pt":1540044472534,"mc":[{"id":"1.149885940","rc":[{"ltp":1.59,"id":2474763},{"ltp":2.8,"id":2257536}]}]}
{"op":"mcm","clk":"7702019531","pt":1540044531832,"mc":[{"id":"1.149885940","rc":[{"ltp":1.6,"id":2474763},{"ltp":2.66,"id":2257536}]}]}
{"op":"mcm","clk":"7702055681","pt":1540044651446,"mc":[{"id":"1.149885940","rc":[{"ltp":1.64,"id":2474763},{"ltp":2.6,"id":2257536}]}]}
{"op":"mcm","clk":"7702072534","pt":1540044711967,"mc":[{"id":"1.149885940","rc":[{"ltp":2.56,"id":2257536}]}]}
{"op":"mcm","clk":"7702089485","pt":1540044771391,"mc":[{"id":"1.149885940","rc":[{"ltp":1.63,"id":2474763},{"ltp":2.6,"id":2257536}]}]}
{"op":"mcm","clk":"7702107446","pt":1540044832513,"mc":[{"id":"1.149885940","rc":[{"ltp":1.73,"id":2474763},{"ltp":2.52,"id":2257536}]}]}
{"op":"mcm","clk":"7702125232","pt":1540044891579,"mc":[{"id":"1.149885940","rc":[{"ltp":1.64,"id":2474763},{"ltp":2.56,"id":2257536}]}]}
{"op":"mcm","clk":"7702143259","pt":1540044952634,"mc":[{"id":"1.149885940","rc":[{"ltp":1.66,"id":2474763},{"ltp":2.5,"id":2257536}]}]}
{"op":"mcm","clk":"7702161549","pt":1540045012623,"mc":[{"id":"1.149885940","rc":[{"ltp":1.68,"id":2474763}]}]}
{"op":"mcm","clk":"7702179852","pt":1540045072507,"mc":[{"id":"1.149885940","rc":[{"ltp":1.76,"id":2474763},{"ltp":2.28,"id":2257536}]}]}
{"op":"mcm","clk":"7702198877","pt":1540045132511,"mc":[{"id":"1.149885940","rc":[{"ltp":1.8,"id":2474763},{"ltp":2.26,"id":2257536}]}]}
{"op":"mcm","clk":"7702217084","pt":1540045191929,"mc":[{"id":"1.149885940","rc":[{"ltp":1.78,"id":2474763},{"ltp":2.28,"id":2257536}]}]}
{"op":"mcm","clk":"7702235116","pt":1540045252344,"mc":[{"id":"1.149885940","rc":[{"ltp":1.77,"id":2474763},{"ltp":2.26,"id":2257536}]}]}
{"op":"mcm","clk":"7702252681","pt":1540045312486,"mc":[{"id":"1.149885940","rc":[{"ltp":1.71,"id":2474763},{"ltp":2.36,"id":2257536}]}]}
{"op":"mcm","clk":"7702286900","pt":1540045372206,"mc":[{"id":"1.149885940","rc":[{"ltp":1.67,"id":2474763},{"ltp":2.52,"id":2257536}]}]}
{"op":"mcm","clk":"7702304603","pt":1540045432506,"mc":[{"id":"1.149885940","rc":[{"ltp":1.78,"id":2474763},{"ltp":2.28,"id":2257536}]}]}
{"op":"mcm","clk":"7702321897","pt":1540045492368,"mc":[{"id":"1.149885940","rc":[{"ltp":1.86,"id":2474763},{"ltp":2.16,"id":2257536}]}]}
{"op":"mcm","clk":"7702339970","pt":1540045552418,"mc":[{"id":"1.149885940","rc":[{"ltp":1.87,"id":2474763}]}]}
{"op":"mcm","clk":"7702358298","pt":1540045612645,"mc":[{"id":"1.149885940","rc":[{"ltp":1.86,"id":2474763}]}]}
{"op":"mcm","clk":"7702377316","pt":1540045672600,"mc":[{"id":"1.149885940","rc":[{"ltp":1.83,"id":2474763},{"ltp":2.22,"id":2257536}]}]}
{"op":"mcm","clk":"7702395844","pt":1540045732503,"mc":[{"id":"1.149885940","rc":[{"ltp":1.92,"id":2474763},{"ltp":2.06,"id":2257536}]}]}
{"op":"mcm","clk":"7702413848","pt":1540045792597,"mc":[{"id":"1.149885940","rc":[{"ltp":1.79,"id":2474763},{"ltp":2.26,"id":2257536}]}]}
{"op":"mcm","clk":"7702432804","pt":1540045852498,"mc":[{"id":"1.149885940","rc":[{"ltp":1.78,"id":2474763},{"ltp":2.28,"id":2257536}]}]}
{"op":"mcm","clk":"7702451446","pt":1540045912502,"mc":[{"id":"1.149885940","rc":[{"ltp":1.64,"id":2474763},{"ltp":2.54,"id":2257536}]}]}
{"op":"mcm","clk":"7702469853","pt":1540045972397,"mc":[{"id":"1.149885940","rc":[{"ltp":1.82,"id":2474763},{"ltp":2.2,"id":2257536}]}]}
{"op":"mcm","clk":"7702487992","pt":1540046032576,"mc":[{"id":"1.149885940","rc":[{"ltp":1.79,"id":2474763},{"ltp":2.22,"id":2257536}]}]}
{"op":"mcm","clk":"7702506408","pt":1540046092609,"mc":[{"id":"1.149885940","rc":[{"ltp":1.78,"id":2474763},{"ltp":2.26,"id":2257536}]}]}
{"op":"mcm","clk":"7702525018","pt":1540046152565,"mc":[{"id":"1.149885940","rc":[{"ltp":1.76,"id":2474763},{"ltp":2.62,"id":2257536}]}]}
{"op":"mcm","clk":"7702543429","pt":1540046212084,"mc":[{"id":"1.149885940","rc":[{"ltp":1.85,"id":2474763},{"ltp":2.18,"id":2257536}]}]}
{"op":"mcm","clk":"7702578079","pt":1540046272400,"mc":[{"id":"1.149885940","rc":[{"ltp":1.7,"id":2474763},{"ltp":2.32,"id":2257536}]}]}
{"op":"mcm","clk":"7702596232","pt":1540046331875,"mc":[{"id":"1.149885940","rc":[{"ltp":1.68,"id":2474763},{"ltp":2.46,"id":2257536}]}]}
{"op":"mcm","clk":"7702614179","pt":1540046391801,"mc":[{"id":"1.149885940","rc":[{"ltp":1.67,"id":2474763},{"ltp":2.48,"id":2257536}]}]}
{"op":"mcm","clk":"7702632841","pt":1540046451709,"mc":[{"id":"1.149885940","rc":[{"ltp":1.76,"id":2474763},{"ltp":2.36,"id":2257536}]}]}
{"op":"mcm","clk":"7702650876","pt":1540046512472,"mc":[{"id":"1.149885940","rc":[{"ltp":1.83,"id":2474763}]}]}
{"op":"mcm","clk":"7702669510","pt":1540046572577,"mc":[{"id":"1.149885940","rc":[{"ltp":2.04,"id":2474763},{"ltp":1.96,"id":2257536}]}]}
{"op":"mcm","clk":"7702687528","pt":1540046632510,"mc":[{"id":"1.149885940","rc":[{"ltp":1.82,"id":2474763},{"ltp":2.22,"id":2257536}]}]}
{"op":"mcm","clk":"7702705259","pt":1540046692432,"mc":[{"id":"1.149885940","rc":[{"ltp":1.83,"id":2474763},{"ltp":2.2,"id":2257536}]}]}
{"op":"mcm","clk":"7702724028","pt":1540046752528,"mc":[{"id":"1.149885940","rc":[{"ltp":1.75,"id":2474763},{"ltp":2.32,"id":2257536}]}]}
{"op":"mcm","clk":"7702741712","pt":1540046812541,"mc":[{"id":"1.149885940","rc":[{"ltp":1.76,"id":2474763},{"ltp":2.3,"id":2257536}]}]}
{"op":"mcm","clk":"7702760246","pt":1540046872423,"mc":[{"id":"1.149885940","rc":[{"ltp":1.75,"id":2474763}]}]}
{"op":"mcm","clk":"7702774719","pt":1540046931851,"mc":[{"id":"1.149885940","rc":[{"ltp":1.8,"id":2474763},{"ltp":2.22,"id":2257536}]}]}
{"op":"mcm","clk":"7702788921","pt":1540046992292,"mc":[{"id":"1.149885940","rc":[{"ltp":1.81,"id":2474763},{"ltp":2.24,"id":2257536}]}]}
{"op":"mcm","clk":"7702803369","pt":1540047052539,"mc":[{"id":"1.149885940","rc":[{"ltp":1.91,"id":2474763},{"ltp":2.1,"id":2257536}]}]}
{"op":"mcm","clk":"7702817147","pt":1540047112496,"mc":[{"id":"1.149885940","rc":[{"ltp":2.06,"id":2474763},{"ltp":1.95,"id":2257536}]}]}
{"op":"mcm","clk":"7702846868","pt":1540047172600,"mc":[{"id":"1.149885940","rc":[{"ltp":2.6,"id":2474763},{"ltp":1.62,"id":2257536}]}]}
{"op":"mcm","clk":"7702860938","pt":1540047232550,"mc":[{"id":"1.149885940","rc":[{"ltp":4.1,"id":2474763},{"ltp":1.29,"id":2257536}]}]}
{"op":"mcm","clk":"7702873833","pt":1540047292358,"mc":[{"id":"1.149885940","rc":[{"ltp":2.66,"id":2474763},{"ltp":1.61,"id":2257536}]}]}
{"op":"mcm","clk":"7702886738","pt":1540047352610,"mc":[{"id":"1.149885940","rc":[{"ltp":11.0,"id":2474763},{"ltp":1.1,"id":2257536}]}]}
{"op":"mcm","clk":"7702899048","pt":1540047412460,"mc":[{"id":"1.149885940","rc":[{"ltp":12.5,"id":2474763}]}]}
{"op":"mcm","clk":"7702911184","pt":1540047472616,"mc":[{"id":"1.149885940","rc":[{"ltp":17.5,"id":2474763},{"ltp":1.08,"id":2257536}]}]}
{"op":"mcm","clk":"7702924847","pt":1540047532353,"mc":[{"id":"1.149885940","rc":[{"ltp":9.4,"id":2474763}]}]}
{"op":"mcm","clk":"7702937006","pt":1540047592390,"mc":[{"id":"1.149885940","rc":[{"ltp":15.0,"id":2474763},{"ltp":1.06,"id":2257536}]}]}
{"op":"mcm","clk":"7702949575","pt":1540047652531,"mc":[{"id":"1.149885940","rc":[{"ltp":26.0,"id":2474763},{"ltp":1.05,"id":2257536}]}]}
{"op":"mcm","clk":"7702965708","pt":1540047712606,"mc":[{"id":"1.149885940","rc":[{"ltp":50.0,"id":2474763},{"ltp":1.03,"id":2257536}]}]}
{"op":"mcm","clk":"7702978148","pt":1540047772404,"mc":[{"id":"1.149885940","rc":[{"ltp":1.02,"id":2257536}]}]}
{"op":"mcm","clk":"7702991851","pt":1540047832439,"mc":[{"id":"1.149885940","rc":[{"ltp":34.0,"id":2474763},{"ltp":1.03,"id":2257536}]}]}
{"op":"mcm","clk":"7703006470","pt":1540047892191,"mc":[{"id":"1.149885940","rc":[{"ltp":21.0,"id":2474763},{"ltp":1.05,"id":2257536}]}]}
{"op":"mcm","clk":"7703018934","pt":1540047941949,"mc":[{"id":"1.149885940","marketDefinition":{"bspMarket":false,"turnInPlayEnabled":true,"persistenceEnabled":true,"marketBaseRate":5.0,"eventId":"28965679","eventTypeId":"2","numberOfWinners":1,"bettingType":"ODDS","marketType":"MATCH_ODDS","marketTime":"2018-10-20T12:50:00.000Z","suspendTime":"2018-10-20T12:50:00.000Z","bspReconciled":false,"complete":true,"inPlay":true,"crossMatching":true,"runnersVoidable":false,"numberOfActiveRunners":2,"betDelay":5,"status":"SUSPENDED","runners":[{"status":"ACTIVE","sortPriority":1,"id":2474763,"name":"John Isner"},{"status":"ACTIVE","sortPriority":2,"id":2257536,"name":"Ernests Gulbis"}],"regulators":["MR_INT"],"countryCode":"SE","discountAllowed":true,"timezone":"UTC","openDate":"2018-10-20T12:50:00.000Z","version":2464773398,"name":"Match Odds","eventName":"Isner v Gulbis"},"rc":[{"ltp":30.0,"id":2474763},{"ltp":1.03,"id":2257536}]}]}
{"op":"mcm","clk":"7703034627","pt":1540048000488,"mc":[{"id":"1.149885940","marketDefinition":{"bspMarket":false,"turnInPlayEnabled":true,"persistenceEnabled":true,"marketBaseRate":5.0,"eventId":"28965679","eventTypeId":"2","numberOfWinners":1,"bettingType":"ODDS","marketType":"MATCH_ODDS","marketTime":"2018-10-20T12:50:00.000Z","suspendTime":"2018-10-20T12:50:00.000Z","bspReconciled":false,"complete":true,"inPlay":true,"crossMatching":false,"runnersVoidable":false,"numberOfActiveRunners":0,"betDelay":5,"status":"CLOSED","settledTime":"2018-10-20T15:06:13.000Z","runners":[{"status":"LOSER","sortPriority":1,"id":2474763,"name":"John Isner"},{"status":"WINNER","sortPriority":2,"id":2257536,"name":"Ernests Gulbis"}],"regulators":["MR_INT"],"countryCode":"SE","discountAllowed":true,"timezone":"UTC","openDate":"2018-10-20T12:50:00.000Z","version":2464775740,"name":"Match Odds","eventName":"Isner v Gulbis"}}]}
