{"op":"mcm","clk":"7683605562","pt":1539890985795,"mc":[{"id":"1.149807728","marketDefinition":{"bspMarket":false,"turnInPlayEnabled":true,"persistenceEnabled":true,"marketBaseRate":5.0,"eventId":"28963672","eventTypeId":"2","numberOfWinners":1,"bettingType":"ODDS","marketType":"MATCH_ODDS","marketTime":"2018-10-19T15:00:00.000Z","suspendTime":"2018-10-19T15:00:00.000Z","bspReconciled":false,"complete":true,"inPlay":false,"crossMatching":true,"runnersVoidable":false,"numberOfActiveRunners":2,"betDelay":0,"status":"OPEN","runners":[{"status":"ACTIVE","sortPriority":1,"id":2320751,"name":"Julia Goerges"},{"status":"ACTIVE","sortPriority":2,"id":5704759,"name":"Eugenie Bouchard"}],"regulators":["MR_INT"],"countryCode":"LU","discountAllowed":true,"timezone":"UTC","openDate":"2018-10-19T15:00:00.000Z","version":2460905556,"name":"Match Odds","eventName":"Goerges v Bouchard"}}]}
{"op":"mcm","clk":"7683789858","pt":1539892823146,"mc":[{"id":"1.149807728","rc":[{"ltp":2.52,"id":5704759},{"ltp":1.65,"id":2320751}]}]}
{"op":"mcm","clk":"7684494944","pt":1539901302588,"mc":[{"id":"1.149807728","rc":[{"ltp":1.5,"id":2320751}]}]}
{"op":"mcm","clk":"7684515044","pt":1539901371636,"mc":[{"id":"1.149807728","rc":[{"ltp":2.64,"id":5704759},{"ltp":1.61,"id":2320751}]}]}
{"op":"mcm","clk":"7684532737","pt":1539901573555,"mc":[{"id":"1.149807728","rc":[{"ltp":1.48,"id":2320751}]}]}
{"op":"mcm","clk":"7685887115","pt":1539920932287,"mc":[{"id":"1.149807728","rc":[{"ltp":2.98,"id":5704759},{"ltp":1.5,"id":2320751}]}]}
{"op":"mcm","clk":"7685929290","pt":1539921572444,"mc":[{"id":"1.149807728","rc":[{"ltp":1.54,"id":2320751}]}]}
{"op":"mcm","clk":"7685931672","pt":1539921625254,"mc":[{"id":"1.149807728","rc":[{"ltp":2.82,"id":5704759},{"ltp":1.56,"id":2320751}]}]}
{"op":"mcm","clk":"7685939659","pt":1539921764730,"mc":[{"id":"1.149807728","rc":[{"ltp":2.8,"id":5704759}]}]}
{"op":"mcm","clk":"7685949524","pt":1539921953090,"mc":[{"id":"1.149807728","rc":[{"ltp":1.52,"id":2320751}]}]}
{"op":"mcm","clk":"7685974326","pt":1539922140631,"mc":[{"id":"1.149807728","rc":[{"ltp":1.55,"id":2320751}]}]}
{"op":"mcm","clk":"7686176418","pt":1539925086166,"mc":[{"id":"1.149807728","rc":[{"ltp":1.53,"id":2320751}]}]}
{"op":"mcm","clk":"7686533168","pt":1539929689505,"mc":[{"id":"1.149807728","rc":[{"ltp":2.9,"id":5704759}]}]}
{"op":"mcm","clk":"7686618355","pt":1539930805621,"mc":[{"id":"1.149807728","rc":[{"ltp":2.84,"id":5704759}]}]}
{"op":"mcm","clk":"7686725533","pt":1539932303189,"mc":[{"id":"1.149807728","rc":[{"ltp":1.54,"id":2320751}]}]}
{"op":"mcm","clk":"7686798435","pt":1539933221514,"mc":[{"id":"1.149807728","rc":[{"ltp":2.86,"id":5704759}]}]}
{"op":"mcm","clk":"7686802142","pt":1539933291209,"mc":[{"id":"1.149807728","rc":[{"ltp":1.53,"id":2320751}]}]}
{"op":"mcm","clk":"7686825108","pt":1539933648622,"mc":[{"id":"1.149807728","rc":[{"ltp":2.88,"id":5704759}]}]}
{"op":"mcm","clk":"7687091008","pt":1539936980196,"mc":[{"id":"1.149807728","rc":[{"ltp":1.54,"id":2320751}]}]}
{"op":"mcm","clk":"7687151584","pt":1539937637616,"mc":[{"id":"1.149807728","rc":[{"ltp":1.53,"id":2320751}]}]}
{"op":"mcm","clk":"7687175265","pt":1539937949141,"mc":[{"id":"1.149807728","rc":[{"ltp":2.86,"id":5704759},{"ltp":1.54,"id":2320751}]}]}
{"op":"mcm","clk":"7687242646","pt":1539938624683,"mc":[{"id":"1.149807728","rc":[{"ltp":1.53,"id":2320751}]}]}
{"op":"mcm","clk":"7687249263","pt":1539938719187,"mc":[{"id":"1.149807728","rc":[{"ltp":1.54,"id":2320751}]}]}
{"op":"mcm","clk":"7687275912","pt":1539939112079,"mc":[{"id":"1.149807728","rc":[{"ltp":1.53,"id":2320751}]}]}
{"op":"mcm","clk":"7687307123","pt":1539939366916,"mc":[{"id":"1.149807728","rc":[{"ltp":2.9,"id":5704759}]}]}
{"op":"mcm","clk":"7687336686","pt":1539939780868,"mc":[{"id":"1.149807728","rc":[{"ltp":2.86,"id":5704759},{"ltp":1.54,"id":2320751}]}]}
{"op":"mcm","clk":"7687341793","pt":1539939848603,"mc":[{"id":"1.149807728","rc":[{"ltp":2.82,"id":5704759},{"ltp":1.55,"id":2320751}]}]}
{"op":"mcm","clk":"7687349450","pt":1539939939580,"mc":[{"id":"1.149807728","rc":[{"ltp":2.78,"id":5704759}]}]}
{"op":"mcm","clk":"7687390645","pt":1539940244283,"mc":[{"id":"1.149807728","rc":[{"ltp":1.54,"id":2320751}]}]}
{"op":"mcm","clk":"7687392362","pt":1539940266619,"mc":[{"id":"1.149807728","rc":[{"ltp":2.86,"id":5704759}]}]}
{"op":"mcm","clk":"7687422378","pt":1539940639129,"mc":[{"id":"1.149807728","rc":[{"ltp":1.55,"id":2320751}]}]}
{"op":"mcm","clk":"7687515634","pt":1539941451745,"mc":[{"id":"1.149807728","rc":[{"ltp":1.54,"id":2320751}]}]}
{"op":"mcm","clk":"7687714112","pt":1539943455145,"mc":[{"id":"1.149807728","rc":[{"ltp":1.55,"id":2320751}]}]}
{"op":"mcm","clk":"7687781563","pt":1539943912752,"mc":[{"id":"1.149807728","rc":[{"ltp":1.56,"id":2320751}]}]}
{"op":"mcm","clk":"7687805561","pt":1539944143448,"mc":[{"id":"1.149807728","rc":[{"ltp":1.55,"id":2320751}]}]}
{"op":"mcm","clk":"7687828129","pt":1539944355350,"mc":[{"id":"1.149807728","rc":[{"ltp":2.8,"id":5704759}]}]}
{"op":"mcm","clk":"7687905719","pt":1539944970899,"mc":[{"id":"1.149807728","rc":[{"ltp":2.82,"id":5704759}]}]}
{"op":"mcm","clk":"7688100747","pt":1539946550199,"mc":[{"id":"1.149807728","rc":[{"ltp":1.54,"id":2320751}]}]}
{"op":"mcm","clk":"7688199313","pt":1539947325962,"mc":[{"id":"1.149807728","rc":[{"ltp":2.86,"id":5704759}]}]}
{"op":"mcm","clk":"7688248900","pt":1539947761899,"mc":[{"id":"1.149807728","rc":[{"ltp":2.82,"id":5704759}]}]}
{"op":"mcm","clk":"7688273889","pt":1539947987127,"mc":[{"id":"1.149807728","rc":[{"ltp":1.55,"id":2320751}]}]}
{"op":"mcm","clk":"7688364833","pt":1539948648982,"mc":[{"id":"1.149807728","rc":[{"ltp":1.54,"id":2320751}]}]}
{"op":"mcm","clk":"7688475878","pt":1539949482209,"mc":[{"id":"1.149807728","rc":[{"ltp":1.53,"id":2320751}]}]}
{"op":"mcm","clk":"7688510526","pt":1539949777023,"mc":[{"id":"1.149807728","rc":[{"ltp":1.54,"id":2320751}]}]}
{"op":"mcm","clk":"7688553622","pt":1539950007384,"mc":[{"id":"1.149807728","rc":[{"ltp":2.86,"id":5704759},{"ltp":1.53,"id":2320751}]}]}
{"op":"mcm","clk":"7688574346","pt":1539950210615,"mc":[{"id":"1.149807728","rc":[{"ltp":2.88,"id":5704759},{"ltp":1.52,"id":2320751}]}]}
{"op":"mcm","clk":"7688578831","pt":1539950257929,"mc":[{"id":"1.149807728","rc":[{"ltp":2.94,"id":5704759},{"ltp":1.53,"id":2320751}]}]}
{"op":"mcm","clk":"7688992533","pt":1539952823256,"mc":[{"id":"1.149807728","rc":[{"ltp":1.54,"id":2320751}]}]}
{"op":"mcm","clk":"7689006284","pt":1539952913431,"mc":[{"id":"1.149807728","rc":[{"ltp":1.53,"id":2320751}]}]}
{"op":"mcm","clk":"7689014243","pt":1539952960501,"mc":[{"id":"1.149807728","rc":[{"ltp":1.52,"id":2320751}]}]}
{"op":"mcm","clk":"7689094361","pt":1539953492621,"mc":[{"id":"1.149807728","rc":[{"ltp":1.51,"id":2320751}]}]}
{"op":"mcm","clk":"7689172464","pt":1539953930315,"mc":[{"id":"1.149807728","rc":[{"ltp":1.52,"id":2320751}]}]}
{"op":"mcm","clk":"7689280773","pt":1539954462831,"mc":[{"id":"1.149807728","rc":[{"ltp":2.9,"id":5704759}]}]}
{"op":"mcm","clk":"7689484296","pt":1539955595435,"mc":[{"id":"1.149807728","rc":[{"ltp":1.53,"id":2320751}]}]}
{"op":"mcm","clk":"7689506371","pt":1539955729957,"mc":[{"id":"1.149807728","rc":[{"ltp":1.52,"id":2320751}]}]}
{"op":"mcm","clk":"7689517167","pt":1539955790361,"mc":[{"id":"1.149807728","rc":[{"ltp":2.92,"id":5704759}]}]}
{"op":"mcm","clk":"7689572217","pt":1539956143666,"mc":[{"id":"1.149807728","rc":[{"ltp":2.88,"id":5704759},{"ltp":1.53,"id":2320751}]}]}
{"op":"mcm","clk":"7689690956","pt":1539956793359,"mc":[{"id":"1.149807728","rc":[{"ltp":1.52,"id":2320751}]}]}
{"op":"mcm","clk":"7689714806","pt":1539956968894,"mc":[{"id":"1.149807728","rc":[{"ltp":1.53,"id":2320751}]}]}
{"op":"mcm","clk":"7689725483","pt":1539957050144,"mc":[{"id":"1.149807728","rc":[{"ltp":1.52,"id":2320751}]}]}
{"op":"mcm","clk":"7689757224","pt":1539957173010,"mc":[{"id":"1.149807728","rc":[{"ltp":1.53,"id":2320751}]}]}
{"op":"mcm","clk":"7689790400","pt":1539957458017,"mc":[{"id":"1.149807728","rc":[{"ltp":1.52,"id":2320751}]}]}
{"op":"mcm","clk":"7689838972","pt":1539957841564,"mc":[{"id":"1.149807728","rc":[{"ltp":1.53,"id":2320751}]}]}
{"op":"mcm","clk":"7689894344","pt":1539958127170,"mc":[{"id":"1.149807728","rc":[{"ltp":2.94,"id":5704759},{"ltp":1.52,"id":2320751}]}]}
{"op":"mcm","clk":"7689909611","pt":1539958247706,"mc":[{"id":"1.149807728","rc":[{"ltp":1.53,"id":2320751}]}]}
{"op":"mcm","clk":"7689917247","pt":1539958311651,"mc":[{"id":"1.149807728","rc":[{"ltp":1.52,"id":2320751}]}]}
{"op":"mcm","clk":"7689924177","pt":1539958372854,"mc":[{"id":"1.149807728","rc":[{"ltp":1.51,"id":2320751}]}]}
{"op":"mcm","clk":"7690082571","pt":1539959570603,"mc":[{"id":"1.149807728","rc":[{"ltp":2.92,"id":5704759}]}]}
{"op":"mcm","clk":"7690086994","pt":1539959610776,"mc":[{"id":"1.149807728","rc":[{"ltp":2.94,"id":5704759}]}]}
{"op":"mcm","clk":"7690132755","pt":1539959865559,"mc":[{"id":"1.149807728","rc":[{"ltp":1.52,"id":2320751}]}]}
{"op":"mcm","clk":"7690157568","pt":1539960110024,"mc":[{"id":"1.149807728","rc":[{"ltp":2.92,"id":5704759},{"ltp":1.51,"id":2320751}]}]}
{"op":"mcm","clk":"7690181547","pt":1539960350859,"mc":[{"id":"1.149807728","rc":[{"ltp":1.52,"id":2320751}]}]}
{"op":"mcm","clk":"7690193106","pt":1539960469332,"mc":[{"id":"1.149807728","rc":[{"ltp":1.51,"id":2320751}]}]}
{"op":"mcm","clk":"7690209145","pt":1539960642306,"mc":[{"id":"1.149807728","rc":[{"ltp":1.53,"id":2320751}]}]}
{"op":"mcm","clk":"7690214713","pt":1539960708313,"mc":[{"id":"1.149807728","rc":[{"ltp":1.52,"id":2320751}]}]}
{"op":"mcm","clk":"7690241528","pt":1539960831682,"mc":[{"id":"1.149807728","marketDefinition":{"bspMarket":false,"turnInPlayEnabled":true,"persistenceEnabled":true,"marketBaseRate":5.0,"eventId":"28963672","eventTypeId":"2","numberOfWinners":1,"bettingType":"ODDS","marketType":"MATCH_ODDS","marketTime":"2018-10-19T14:52:00.000Z","suspendTime":"2018-10-19T14:52:00.000Z","bspReconciled":false,"complete":true,"inPlay":false,"crossMatching":true,"runnersVoidable":false,"numberOfActiveRunners":2,"betDelay":0,"status":"OPEN","runners":[{"status":"ACTIVE","sortPriority":1,"id":2320751,"name":"Julia Goerges"},{"status":"ACTIVE","sortPriority":2,"id":5704759,"name":"Eugenie Bouchard"}],"regulators":["MR_INT"],"countryCode":"LU","discountAllowed":true,"timezone":"UTC","openDate":"2018-10-19T14:52:00.000Z","version":2461701749,"name":"Match Odds","eventName":"Goerges v Bouchard"}}]}
{"op":"mcm","clk":"7690246065","pt":1539960884214,"mc":[{"id":"1.149807728","rc":[{"ltp":2.96,"id":5704759}]}]}
{"op":"mcm","clk":"7690252477","pt":1539960951089,"mc":[{"id":"1.149807728","rc":[{"ltp":2.92,"id":5704759}]}]}
{"op":"mcm","clk":"7690257582","pt":1539961009183,"mc":[{"id":"1.149807728","rc":[{"ltp":1.51,"id":2320751}]}]}
{"op":"mcm","clk":"7690263124","pt":1539961069374,"mc":[{"id":"1.149807728","rc":[{"ltp":2.9,"id":5704759},{"ltp":1.52,"id":2320751}]}]}
{"op":"mcm","clk":"7690275176","pt":1539961187999,"mc":[{"id":"1.149807728","rc":[{"ltp":1.53,"id":2320751}]}]}
{"op":"mcm","clk":"7690292840","pt":1539961372058,"mc":[{"id":"1.149807728","rc":[{"ltp":2.92,"id":5704759},{"ltp":1.52,"id":2320751}]}]}
{"op":"mcm","clk":"7690303228","pt":1539961493314,"mc":[{"id":"1.149807728","rc":[{"ltp":2.88,"id":5704759}]}]}
{"op":"mcm","clk":"7690308972","pt":1539961551836,"mc":[{"id":"1.149807728","rc":[{"ltp":2.94,"id":5704759},{"ltp":1.51,"id":2320751}]}]}
{"op":"mcm","clk":"7690314839","pt":1539961611455,"mc":[{"id":"1.149807728","rc":[{"ltp":2.9,"id":5704759}]}]}
{"op":"mcm","clk":"7690338582","pt":1539961672118,"mc":[{"id":"1.149807728","rc":[{"ltp":2.92,"id":5704759},{"ltp":1.52,"id":2320751}]}]}
{"op":"mcm","clk":"7690345620","pt":1539961732700,"mc":[{"id":"1.149807728","rc":[{"ltp":2.88,"id":5704759}]}]}
{"op":"mcm","clk":"7690351566","pt":1539961793148,"mc":[{"id":"1.149807728","marketDefinition":{"bspMarket":false,"turnInPlayEnabled":true,"persistenceEnabled":true,"marketBaseRate":5.0,"eventId":"28963672","eventTypeId":"2","numberOfWinners":1,"bettingType":"ODDS","marketType":"MATCH_ODDS","marketTime":"2018-10-19T14:52:00.000Z","suspendTime":"2018-10-19T14:52:00.000Z","bspReconciled":false,"complete":true,"inPlay":true,"crossMatching":true,"runnersVoidable":false,"numberOfActiveRunners":2,"betDelay":5,"status":"OPEN","runners":[{"status":"ACTIVE","sortPriority":1,"id":2320751,"name":"Julia Goerges"},{"status":"ACTIVE","sortPriority":2,"id":5704759,"name":"Eugenie Bouchard"}],"regulators":["MR_INT"],"countryCode":"LU","discountAllowed":true,"timezone":"UTC","openDate":"2018-10-19T14:52:00.000Z","version":2461727945,"name":"Match Odds","eventName":"Goerges v Bouchard"},"rc":[{"ltp":3.3,"id":5704759},{"ltp":1.44,"id":2320751}]}]}
{"op":"mcm","clk":"7690357813","pt":1539961853130,"mc":[{"id":"1.149807728","rc":[{"ltp":3.4,"id":5704759},{"ltp":1.41,"id":2320751}]}]}
{"op":"mcm","clk":"7690363925","pt":1539961913039,"mc":[{"id":"1.149807728","rc":[{"ltp":2.84,"id":5704759},{"ltp":1.53,"id":2320751}]}]}
{"op":"mcm","clk":"7690370431","pt":1539961973354,"mc":[{"id":"1.149807728","rc":[{"ltp":2.88,"id":5704759},{"ltp":1.51,"id":2320751}]}]}
{"op":"mcm","clk":"7690376625","pt":1539962033322,"mc":[{"id":"1.149807728","rc":[{"ltp":2.72,"id":5704759},{"ltp":1.6,"id":2320751}]}]}
{"op":"mcm","clk":"7690383142","pt":1539962092734,"mc":[{"id":"1.149807728","rc":[{"ltp":3.0,"id":5704759},{"ltp":1.49,"id":2320751}]}]}
{"op":"mcm","clk":"7690389747","pt":1539962153370,"mc":[{"id":"1.149807728","rc":[{"ltp":3.05,"id":5704759},{"ltp":1.48,"id":2320751}]}]}
{"op":"mcm","clk":"7690396187","pt":1539962213412,"mc":[{"id":"1.149807728","rc":[{"ltp":3.5,"id":5704759},{"ltp":1.4,"id":2320751}]}]}
{"op":"mcm","clk":"7690408446","pt":1539962333453,"mc":[{"id":"1.149807728","rc":[{"ltp":3.25,"id":5704759},{"ltp":1.43,"id":2320751}]}]}
{"op":"mcm","clk":"7690414991","pt":1539962392692,"mc":[{"id":"1.149807728","rc":[{"ltp":3.05,"id":5704759}]}]}
{"op":"mcm","clk":"7690423246","pt":1539962452766,"mc":[{"id":"1.149807728","rc":[{"ltp":2.74,"id":5704759},{"ltp":1.56,"id":2320751}]}]}
{"op":"mcm","clk":"7690432789","pt":1539962513093,"mc":[{"id":"1.149807728","rc":[{"ltp":2.7,"id":5704759},{"ltp":1.58,"id":2320751}]}]}
{"op":"mcm","clk":"7690456338","pt":1539962573102,"mc":[{"id":"1.149807728","rc":[{"ltp":2.72,"id":5704759},{"ltp":1.59,"id":2320751}]}]}
{"op":"mcm","clk":"7690463284","pt":1539962632301,"mc":[{"id":"1.149807728","rc":[{"ltp":2.2,"id":5704759},{"ltp":1.83,"id":2320751}]}]}
{"op":"mcm","clk":"7690471037","pt":1539962692885,"mc":[{"id":"1.149807728","rc":[{"ltp":2.62,"id":5704759},{"ltp":1.61,"id":2320751}]}]}
{"op":"mcm","clk":"7690478994","pt":1539962752786,"mc":[{"id":"1.149807728","rc":[{"ltp":2.78,"id":5704759},{"ltp":1.55,"id":2320751}]}]}
{"op":"mcm","clk":"7690487206","pt":1539962812729,"mc":[{"id":"1.149807728","rc":[{"ltp":1.63,"id":2320751}]}]}
{"op":"mcm","clk":"7690494974","pt":1539962873288,"mc":[{"id":"1.149807728","rc":[{"ltp":2.02,"id":5704759},{"ltp":1.97,"id":2320751}]}]}
{"op":"mcm","clk":"7690502254","pt":1539962932962,"mc":[{"id":"1.149807728","rc":[{"ltp":1.85,"id":5704759},{"ltp":2.14,"id":2320751}]}]}
{"op":"mcm","clk":"7690509271","pt":1539962993455,"mc":[{"id":"1.149807728","rc":[{"ltp":1.95,"id":5704759},{"ltp":2.04,"id":2320751}]}]}
{"op":"mcm","clk":"7690515171","pt":1539963053417,"mc":[{"id":"1.149807728","rc":[{"ltp":2.3,"id":5704759},{"ltp":1.75,"id":2320751}]}]}
{"op":"mcm","clk":"7690520427","pt":1539963113099,"mc":[{"id":"1.149807728","rc":[{"ltp":2.0,"id":5704759},{"ltp":1.97,"id":2320751}]}]}
{"op":"mcm","clk":"7690525967","pt":1539963173182,"mc":[{"id":"1.149807728","rc":[{"ltp":1.89,"id":5704759},{"ltp":2.12,"id":2320751}]}]}
{"op":"mcm","clk":"7690531289","pt":1539963233164,"mc":[{"id":"1.149807728","rc":[{"ltp":1.78,"id":5704759},{"ltp":2.26,"id":2320751}]}]}
{"op":"mcm","clk":"7690537000","pt":1539963293107,"mc":[{"id":"1.149807728","rc":[{"ltp":1.79,"id":5704759},{"ltp":2.24,"id":2320751}]}]}
{"op":"mcm","clk":"7690543019","pt":1539963352565,"mc":[{"id":"1.149807728","rc":[{"ltp":1.85,"id":5704759},{"ltp":2.16,"id":2320751}]}]}
{"op":"mcm","clk":"7690549331","pt":1539963413212,"mc":[{"id":"1.149807728","rc":[{"ltp":1.96,"id":5704759},{"ltp":2.04,"id":2320751}]}]}
{"op":"mcm","clk":"7690573298","pt":1539963473344,"mc":[{"id":"1.149807728","rc":[{"ltp":1.97,"id":5704759}]}]}
{"op":"mcm","clk":"7690580307","pt":1539963533405,"mc":[{"id":"1.149807728","rc":[{"ltp":1.78,"id":5704759},{"ltp":2.26,"id":2320751}]}]}
{"op":"mcm","clk":"7690586796","pt":1539963593428,"mc":[{"id":"1.149807728","rc":[{"ltp":1.99,"id":5704759},{"ltp":2.0,"id":2320751}]}]}
{"op":"mcm","clk":"7690593396","pt":1539963653218,"mc":[{"id":"1.149807728","rc":[{"ltp":1.78,"id":5704759},{"ltp":2.28,"id":2320751}]}]}
{"op":"mcm","clk":"7690599996","pt":1539963712899,"mc":[{"id":"1.149807728","rc":[{"ltp":1.76,"id":5704759},{"ltp":2.3,"id":2320751}]}]}
{"op":"mcm","clk":"7690606519","pt":1539963773419,"mc":[{"id":"1.149807728","rc":[{"ltp":1.77,"id":5704759},{"ltp":2.28,"id":2320751}]}]}
{"op":"mcm","clk":"7690612972","pt":1539963832616,"mc":[{"id":"1.149807728","rc":[{"ltp":1.91,"id":5704759},{"ltp":2.14,"id":2320751}]}]}
{"op":"mcm","clk":"7690620235","pt":1539963893380,"mc":[{"id":"1.149807728","rc":[{"ltp":1.87,"id":5704759},{"ltp":2.26,"id":2320751}]}]}
{"op":"mcm","clk":"7690625739","pt":1539963952768,"mc":[{"id":"1.149807728","rc":[{"ltp":1.79,"id":5704759},{"ltp":2.18,"id":2320751}]}]}
{"op":"mcm","clk":"7690631153","pt":1539964013463,"mc":[{"id":"1.149807728","rc":[{"ltp":2.2,"id":5704759},{"ltp":1.87,"id":2320751}]}]}
{"op":"mcm","clk":"7690636312","pt":1539964073259,"mc":[{"id":"1.149807728","rc":[{"ltp":2.62,"id":5704759},{"ltp":1.62,"id":2320751}]}]}
{"op":"mcm","clk":"7690641647","pt":1539964133231,"mc":[{"id":"1.149807728","rc":[{"ltp":2.6,"id":5704759}]}]}
{"op":"mcm","clk":"7690646989","pt":1539964193338,"mc":[{"id":"1.149807728","rc":[{"ltp":2.8,"id":5704759},{"ltp":1.56,"id":2320751}]}]}
{"op":"mcm","clk":"7690652084","pt":1539964253370,"mc":[{"id":"1.149807728","rc":[{"ltp":2.5,"id":5704759},{"ltp":1.62,"id":2320751}]}]}
{"op":"mcm","clk":"7690656993","pt":1539964313376,"mc":[{"id":"1.149807728","rc":[{"ltp":3.05,"id":5704759},{"ltp":1.48,"id":2320751}]}]}
{"op":"mcm","clk":"7690679153","pt":1539964373308,"mc":[{"id":"1.149807728","rc":[{"ltp":2.92,"id":5704759},{"ltp":1.52,"id":2320751}]}]}
{"op":"mcm","clk":"7690684038","pt":1539964433448,"mc":[{"id":"1.149807728","rc":[{"ltp":3.25,"id":5704759},{"ltp":1.41,"id":2320751}]}]}
{"op":"mcm","clk":"7690688612","pt":1539964493406,"mc":[{"id":"1.149807728","rc":[{"ltp":2.72,"id":5704759},{"ltp":1.59,"id":2320751}]}]}
{"op":"mcm","clk":"7690693678","pt":1539964553458,"mc":[{"id":"1.149807728","rc":[{"ltp":2.56,"id":5704759},{"ltp":1.64,"id":2320751}]}]}
{"op":"mcm","clk":"7690699316","pt":1539964613318,"mc":[{"id":"1.149807728","rc":[{"ltp":2.52,"id":5704759},{"ltp":1.66,"id":2320751}]}]}
{"op":"mcm","clk":"7690704879","pt":1539964673346,"mc":[{"id":"1.149807728","rc":[{"ltp":2.28,"id":5704759},{"ltp":1.58,"id":2320751}]}]}
{"op":"mcm","clk":"7690711064","pt":1539964733423,"mc":[{"id":"1.149807728","rc":[{"ltp":3.1,"id":5704759},{"ltp":1.48,"id":2320751}]}]}
{"op":"mcm","clk":"7690717623","pt":1539964793317,"mc":[{"id":"1.149807728","rc":[{"ltp":2.76,"id":5704759},{"ltp":1.57,"id":2320751}]}]}
{"op":"mcm","clk":"7690724724","pt":1539964853428,"mc":[{"id":"1.149807728","rc":[{"ltp":2.64,"id":5704759},{"ltp":1.6,"id":2320751}]}]}
{"op":"mcm","clk":"7690731928","pt":1539964913363,"mc":[{"id":"1.149807728","rc":[{"ltp":3.0,"id":5704759},{"ltp":1.49,"id":2320751}]}]}
{"op":"mcm","clk":"7690738020","pt":1539964973419,"mc":[{"id":"1.149807728","rc":[{"ltp":2.96,"id":5704759},{"ltp":1.51,"id":2320751}]}]}
{"op":"mcm","clk":"7690744674","pt":1539965033420,"mc":[{"id":"1.149807728","rc":[{"ltp":2.84,"id":5704759},{"ltp":1.5,"id":2320751}]}]}
{"op":"mcm","clk":"7690750985","pt":1539965093156,"mc":[{"id":"1.149807728","rc":[{"ltp":2.74,"id":5704759},{"ltp":1.57,"id":2320751}]}]}
{"op":"mcm","clk":"7690758302","pt":1539965153334,"mc":[{"id":"1.149807728","rc":[{"ltp":2.02,"id":5704759},{"ltp":1.97,"id":2320751}]}]}
{"op":"mcm","clk":"7690765135","pt":1539965213463,"mc":[{"id":"1.149807728","rc":[{"ltp":1.62,"id":5704759},{"ltp":2.62,"id":2320751}]}]}
{"op":"mcm","clk":"7690789550","pt":1539965273258,"mc":[{"id":"1.149807728","rc":[{"ltp":2.58,"id":2320751}]}]}
{"op":"mcm","clk":"7690795730","pt":1539965333431,"mc":[{"id":"1.149807728","rc":[{"ltp":1.63,"id":5704759},{"ltp":2.6,"id":2320751}]}]}
{"op":"mcm","clk":"7690801597","pt":1539965393246,"mc":[{"id":"1.149807728","rc":[{"ltp":1.53,"id":5704759},{"ltp":2.88,"id":2320751}]}]}
{"op":"mcm","clk":"7690807959","pt":1539965453183,"mc":[{"id":"1.149807728","rc":[{"ltp":1.68,"id":5704759},{"ltp":2.46,"id":2320751}]}]}
{"op":"mcm","clk":"7690813987","pt":1539965513457,"mc":[{"id":"1.149807728","rc":[{"ltp":1.72,"id":5704759},{"ltp":2.4,"id":2320751}]}]}
{"op":"mcm","clk":"7690819461","pt":1539965573060,"mc":[{"id":"1.149807728","rc":[{"ltp":1.59,"id":5704759},{"ltp":2.68,"id":2320751}]}]}
{"op":"mcm","clk":"7690825757","pt":1539965633455,"mc":[{"id":"1.149807728","rc":[{"ltp":1.55,"id":5704759},{"ltp":2.82,"id":2320751}]}]}
{"op":"mcm","clk":"7690831927","pt":1539965693439,"mc":[{"id":"1.149807728","rc":[{"ltp":1.46,"id":5704759},{"ltp":3.15,"id":2320751}]}]}
{"op":"mcm","clk":"7690838735","pt":1539965753142,"mc":[{"id":"1.149807728","rc":[{"ltp":1.31,"id":5704759},{"ltp":4.1,"id":2320751}]}]}
{"op":"mcm","clk":"7690845601","pt":1539965813266,"mc":[{"id":"1.149807728","rc":[{"ltp":1.4,"id":5704759},{"ltp":3.5,"id":2320751}]}]}
{"op":"mcm","clk":"7690852729","pt":1539965873336,"mc":[{"id":"1.149807728","rc":[{"ltp":1.29,"id":5704759},{"ltp":4.5,"id":2320751}]}]}
{"op":"mcm","clk":"7690859276","pt":1539965933378,"mc":[{"id":"1.149807728","rc":[{"ltp":1.24,"id":5704759},{"ltp":5.1,"id":2320751}]}]}
{"op":"mcm","clk":"7690865657","pt":1539965993426,"mc":[{"id":"1.149807728","rc":[{"ltp":1.22,"id":5704759},{"ltp":5.3,"id":2320751}]}]}
{"op":"mcm","clk":"7690872220","pt":1539966053457,"mc":[{"id":"1.149807728","rc":[{"ltp":5.5,"id":2320751}]}]}
{"op":"mcm","clk":"7690878881","pt":1539966113404,"mc":[{"id":"1.149807728","rc":[{"ltp":5.8,"id":2320751}]}]}
{"op":"mcm","clk":"7690902617","pt":1539966173271,"mc":[{"id":"1.149807728","rc":[{"ltp":1.2,"id":5704759},{"ltp":6.0,"id":2320751}]}]}
{"op":"mcm","clk":"7690908867","pt":1539966232691,"mc":[{"id":"1.149807728","rc":[{"ltp":1.29,"id":5704759},{"ltp":4.5,"id":2320751}]}]}
{"op":"mcm","clk":"7690914701","pt":1539966293263,"mc":[{"id":"1.149807728","rc":[{"ltp":1.27,"id":5704759},{"ltp":4.6,"id":2320751}]}]}
{"op":"mcm","clk":"7690921068","pt":1539966353372,"mc":[{"id":"1.149807728","rc":[{"ltp":1.29,"id":5704759},{"ltp":4.4,"id":2320751}]}]}
{"op":"mcm","clk":"7690927617","pt":1539966413316,"mc":[{"id":"1.149807728","rc":[{"ltp":1.22,"id":5704759},{"ltp":5.6,"id":2320751}]}]}
{"op":"mcm","clk":"7690934782","pt":1539966473409,"mc":[{"id":"1.149807728","rc":[{"ltp":1.17,"id":5704759},{"ltp":7.0,"id":2320751}]}]}
{"op":"mcm","clk":"7690941054","pt":1539966533460,"mc":[{"id":"1.149807728","rc":[{"ltp":1.21,"id":5704759},{"ltp":5.8,"id":2320751}]}]}
{"op":"mcm","clk":"7690947651","pt":1539966592502,"mc":[{"id":"1.149807728","rc":[{"ltp":1.16,"id":5704759},{"ltp":6.0,"id":2320751}]}]}
{"op":"mcm","clk":"7690954983","pt":1539966651950,"mc":[{"id":"1.149807728","rc":[{"ltp":1.2,"id":5704759}]}]}
{"op":"mcm","clk":"7690961808","pt":1539966713283,"mc":[{"id":"1.149807728","rc":[{"ltp":1.1,"id":5704759},{"ltp":12.0,"id":2320751}]}]}
{"op":"mcm","clk":"7690968626","pt":1539966772826,"mc":[{"id":"1.149807728","rc":[{"ltp":1.14,"id":5704759},{"ltp":8.0,"id":2320751}]}]}
{"op":"mcm","clk":"7690975842","pt":1539966833378,"mc":[{"id":"1.149807728","rc":[{"ltp":1.2,"id":5704759},{"ltp":6.0,"id":2320751}]}]}
{"op":"mcm","clk":"7690983636","pt":1539966893192,"mc":[{"id":"1.149807728","rc":[{"ltp":1.21,"id":5704759}]}]}
{"op":"mcm","clk":"7690991410","pt":1539966953312,"mc":[{"id":"1.149807728","rc":[{"ltp":1.34,"id":5704759},{"ltp":4.0,"id":2320751}]}]}
{"op":"mcm","clk":"7690999426","pt":1539967013430,"mc":[{"id":"1.149807728","rc":[{"ltp":1.5,"id":5704759},{"ltp":2.98,"id":2320751}]}]}
{"op":"mcm","clk":"7691024458","pt":1539967073328,"mc":[{"id":"1.149807728","rc":[{"ltp":1.49,"id":5704759},{"ltp":3.0,"id":2320751}]}]}
{"op":"mcm","clk":"7691031258","pt":1539967133068,"mc":[{"id":"1.149807728","rc":[{"ltp":1.37,"id":5704759},{"ltp":3.7,"id":2320751}]}]}
{"op":"mcm","clk":"7691038090","pt":1539967193276,"mc":[{"id":"1.149807728","rc":[{"ltp":3.6,"id":2320751}]}]}
{"op":"mcm","clk":"7691044523","pt":1539967252932,"mc":[{"id":"1.149807728","rc":[{"ltp":1.27,"id":5704759},{"ltp":4.9,"id":2320751}]}]}
{"op":"mcm","clk":"7691051371","pt":1539967313320,"mc":[{"id":"1.149807728","rc":[{"ltp":1.18,"id":5704759},{"ltp":6.6,"id":2320751}]}]}
{"op":"mcm","clk":"7691058266","pt":1539967373112,"mc":[{"id":"1.149807728","rc":[{"ltp":1.19,"id":5704759},{"ltp":6.2,"id":2320751}]}]}
{"op":"mcm","clk":"7691065286","pt":1539967433397,"mc":[{"id":"1.149807728","rc":[{"ltp":1.14,"id":5704759},{"ltp":8.0,"id":2320751}]}]}
{"op":"mcm","clk":"7691071892","pt":1539967493360,"mc":[{"id":"1.149807728","rc":[{"ltp":1.07,"id":5704759},{"ltp":15.5,"id":2320751}]}]}
{"op":"mcm","clk":"7691077883","pt":1539967553297,"mc":[{"id":"1.149807728","rc":[{"ltp":1.08,"id":5704759},{"ltp":13.5,"id":2320751}]}]}
{"op":"mcm","clk":"7691083605","pt":1539967613201,"mc":[{"id":"1.149807728","rc":[{"ltp":1.09,"id":5704759}]}]}
{"op":"mcm","clk":"7691088635","pt":1539967673253,"mc":[{"id":"1.149807728","rc":[{"ltp":1.1,"id":5704759},{"ltp":10.0,"id":2320751}]}]}
{"op":"mcm","clk":"7691094071","pt":1539967733381,"mc":[{"id":"1.149807728","rc":[{"ltp":1.11,"id":5704759},{"ltp":9.2,"id":2320751}]}]}
{"op":"mcm","clk":"7691099331","pt":1539967792733,"mc":[{"id":"1.149807728","rc":[{"ltp":1.07,"id":5704759},{"ltp":17.5,"id":2320751}]}]}
{"op":"mcm","clk":"7691105432","pt":1539967853424,"mc":[{"id":"1.149807728","rc":[{"ltp":1.22,"id":5704759},{"ltp":5.7,"id":2320751}]}]}
{"op":"mcm","clk":"7691112355","pt":1539967913297,"mc":[{"id":"1.149807728","rc":[{"ltp":1.15,"id":5704759},{"ltp":8.6,"id":2320751}]}]}
{"op":"mcm","clk":"7691136623","pt":1539967973383,"mc":[{"id":"1.149807728","rc":[{"ltp":1.53,"id":5704759},{"ltp":2.96,"id":2320751}]}]}
{"op":"mcm","clk":"7691143255","pt":1539968033375,"mc":[{"id":"1.149807728","rc":[{"ltp":1.72,"id":5704759},{"ltp":2.38,"id":2320751}]}]}
{"op":"mcm","clk":"7691149456","pt":1539968093438,"mc":[{"id":"1.149807728","rc":[{"ltp":1.66,"id":5704759},{"ltp":2.54,"id":2320751}]}]}
{"op":"mcm","clk":"7691156271","pt":1539968153462,"mc":[{"id":"1.149807728","rc":[{"ltp":1.78,"id":5704759},{"ltp":2.28,"id":2320751}]}]}
{"op":"mcm","clk":"7691162480","pt":1539968212999,"mc":[{"id":"1.149807728","rc":[{"ltp":1.77,"id":5704759}]}]}
{"op":"mcm","clk":"7691167856","pt":1539968273067,"mc":[{"id":"1.149807728","rc":[{"ltp":1.98,"id":5704759},{"ltp":2.02,"id":2320751}]}]}
{"op":"mcm","clk":"7691173614","pt":1539968333264,"mc":[{"id":"1.149807728","rc":[{"ltp":2.96,"id":5704759},{"ltp":1.55,"id":2320751}]}]}
{"op":"mcm","clk":"7691180464","pt":1539968393457,"mc":[{"id":"1.149807728","rc":[{"ltp":2.8,"id":5704759}]}]}
{"op":"mcm","clk":"7691187838","pt":1539968453449,"mc":[{"id":"1.149807728","rc":[{"ltp":1.56,"id":2320751}]}]}
{"op":"mcm","clk":"7691194910","pt":1539968513222,"mc":[{"id":"1.149807728","rc":[{"ltp":2.78,"id":5704759}]}]}
{"op":"mcm","clk":"7691201184","pt":1539968573388,"mc":[{"id":"1.149807728","rc":[{"ltp":1.55,"id":2320751}]}]}
{"op":"mcm","clk":"7691207126","pt":1539968633354,"mc":[{"id":"1.149807728","rc":[{"ltp":3.0,"id":5704759},{"ltp":1.49,"id":2320751}]}]}
{"op":"mcm","clk":"7691213359","pt":1539968693156,"mc":[{"id":"1.149807728","rc":[{"ltp":1.5,"id":2320751}]}]}
{"op":"mcm","clk":"7691221058","pt":1539968752867,"mc":[{"id":"1.149807728","rc":[{"ltp":3.35,"id":5704759},{"ltp":1.44,"id":2320751}]}]}
{"op":"mcm","clk":"7691229387","pt":1539968813457,"mc":[{"id":"1.149807728","rc":[{"ltp":3.4,"id":5704759},{"ltp":1.41,"id":2320751}]}]}
{"op":"mcm","clk":"7691256981","pt":1539968873411,"mc":[{"id":"1.149807728","rc":[{"ltp":3.9,"id":5704759},{"ltp":1.34,"id":2320751}]}]}
{"op":"mcm","clk":"7691266236","pt":1539968933372,"mc":[{"id":"1.149807728","rc":[{"ltp":4.3,"id":5704759},{"ltp":1.31,"id":2320751}]}]}
{"op":"mcm","clk":"7691275241","pt":1539968993462,"mc":[{"id":"1.149807728","rc":[{"ltp":3.5,"id":5704759},{"ltp":1.4,"id":2320751}]}]}
{"op":"mcm","clk":"7691283736","pt":1539969053414,"mc":[{"id":"1.149807728","rc":[{"ltp":3.35,"id":5704759},{"ltp":1.35,"id":2320751}]}]}
{"op":"mcm","clk":"7691291871","pt":1539969113293,"mc":[{"id":"1.149807728","rc":[{"ltp":3.6,"id":5704759},{"ltp":1.39,"id":2320751}]}]}
{"op":"mcm","clk":"7691299485","pt":1539969173442,"mc":[{"id":"1.149807728","rc":[{"ltp":7.2,"id":5704759},{"ltp":1.16,"id":2320751}]}]}
{"op":"mcm","clk":"7691308000","pt":1539969233306,"mc":[{"id":"1.149807728","rc":[{"ltp":8.0,"id":5704759},{"ltp":1.13,"id":2320751}]}]}
{"op":"mcm","clk":"7691316524","pt":1539969293461,"mc":[{"id":"1.149807728","rc":[{"ltp":4.8,"id":5704759},{"ltp":1.26,"id":2320751}]}]}
{"op":"mcm","clk":"7691324866","pt":1539969353362,"mc":[{"id":"1.149807728","rc":[{"ltp":6.2,"id":5704759},{"ltp":1.15,"id":2320751}]}]}
{"op":"mcm","clk":"7691333582","pt":1539969413436,"mc":[{"id":"1.149807728","rc":[{"ltp":11.5,"id":5704759},{"ltp":1.1,"id":2320751}]}]}
{"op":"mcm","clk":"7691342206","pt":1539969473320,"mc":[{"id":"1.149807728","rc":[{"ltp":12.0,"id":5704759},{"ltp":1.09,"id":2320751}]}]}
{"op":"mcm","clk":"7691350571","pt":1539969533112,"mc":[{"id":"1.149807728","rc":[{"ltp":15.0,"id":5704759},{"ltp":1.06,"id":2320751}]}]}
{"op":"mcm","clk":"7691358658","pt":1539969593285,"mc":[{"id":"1.149807728","rc":[{"ltp":1.07,"id":2320751}]}]}
{"op":"mcm","clk":"7691366840","pt":1539969652550,"mc":[{"id":"1.149807728","rc":[{"ltp":21.0,"id":5704759},{"ltp":1.04,"id":2320751}]}]}
{"op":"mcm","clk":"7691376229","pt":1539969713431,"mc":[{"id":"1.149807728","rc":[{"ltp":50.0,"id":5704759},{"ltp":1.01,"id":2320751}]}]}
{"op":"mcm","clk":"7691402676","pt":1539969773061,"mc":[{"id":"1.149807728","rc":[{"ltp":85.0,"id":5704759},{"ltp":1.02,"id":2320751}]}]}
{"op":"mcm","clk":"7691411143","pt":1539969833328,"mc":[{"id":"1.149807728","rc":[{"ltp":100.0,"id":5704759},{"ltp":1.01,"id":2320751}]}]}
{"op":"mcm","clk":"7691418721","pt":1539969893345,"mc":[{"id":"1.149807728","rc":[{"ltp":180.0,"id":5704759}]}]}
{"op":"mcm","clk":"7691434818","pt":1539970013161,"mc":[{"id":"1.149807728","rc":[{"ltp":65.0,"id":5704759},{"ltp":1.02,"id":2320751}]}]}
{"op":"mcm","clk":"7691443304","pt":1539970073234,"mc":[{"id":"1.149807728","rc":[{"ltp":70.0,"id":5704759},{"ltp":1.01,"id":2320751}]}]}
{"op":"mcm","clk":"7691451816","pt":1539970132772,"mc":[{"id":"1.149807728","rc":[{"ltp":90.0,"id":5704759}]}]}
{"op":"mcm","clk":"7691459932","pt":1539970191046,"mc":[{"id":"1.149807728","marketDefinition":{"bspMarket":false,"turnInPlayEnabled":true,"persistenceEnabled":true,"marketBaseRate":5.0,"eventId":"28963672","eventTypeId":"2","numberOfWinners":1,"bettingType":"ODDS","marketType":"MATCH_ODDS","marketTime":"2018-10-19T14:52:00.000Z","suspendTime":"2018-10-19T14:52:00.000Z","bspReconciled":false,"complete":true,"inPlay":true,"crossMatching":true,"runnersVoidable":false,"numberOfActiveRunners":2,"betDelay":5,"status":"SUSPENDED","runners":[{"status":"ACTIVE","sortPriority":1,"id":2320751,"name":"Julia Goerges"},{"status":"ACTIVE","sortPriority":2,"id":5704759,"name":"Eugenie Bouchard"}],"regulators":["MR_INT"],"countryCode":"LU","discountAllowed":true,"timezone":"UTC","openDate":"2018-10-19T14:52:00.000Z","version":2462024981,"name":"Match Odds","eventName":"Goerges v Bouchard"},"rc":[{"ltp":490.0,"id":5704759}]}]}
{"op":"mcm","clk":"7691469229","pt":1539970252441,"mc":[{"id":"1.149807728","marketDefinition":{"bspMarket":false,"turnInPlayEnabled":true,"persistenceEnabled":true,"marketBaseRate":5.0,"eventId":"28963672","eventTypeId":"2","numberOfWinners":1,"bettingType":"ODDS","marketType":"MATCH_ODDS","marketTime":"2018-10-19T14:52:00.000Z","suspendTime":"2018-10-19T14:52:00.000Z","bspReconciled":false,"complete":true,"inPlay":true,"crossMatching":false,"runnersVoidable":false,"numberOfActiveRunners":0,"betDelay":5,"status":"CLOSED","settledTime":"2018-10-19T17:30:21.000Z","runners":[{"status":"WINNER","sortPriority":1,"id":2320751,"name":"Julia Goerges"},{"status":"LOSER","sortPriority":2,"id":5704759,"name":"Eugenie Bouchard"}],"regulators":["MR_INT"],"countryCode":"LU","discountAllowed":true,"timezone":"UTC","openDate":"2018-10-19T14:52:00.000Z","version":2462033188,"name":"Match Odds","eventName":"Goerges v Bouchard"}}]}
