{"op":"mcm","clk":"7736511387","pt":1539882282493,"mc":[{"id":"1.149786293","marketDefinition":{"bspMarket":false,"turnInPlayEnabled":true,"persistenceEnabled":true,"marketBaseRate":5.0,"eventId":"28963247","eventTypeId":"2","numberOfWinners":1,"bettingType":"ODDS","marketType":"MATCH_ODDS","marketTime":"2018-10-19T14:00:00.000Z","suspendTime":"2018-10-19T14:00:00.000Z","bspReconciled":false,"complete":true,"inPlay":false,"crossMatching":true,"runnersVoidable":false,"numberOfActiveRunners":2,"betDelay":0,"status":"OPEN","runners":[{"status":"ACTIVE","sortPriority":1,"id":7795290,"name":"Daria Kasatkina"},{"status":"ACTIVE","sortPriority":2,"id":5596561,"name":"Johanna Konta"}],"regulators":["MR_INT"],"countryCode":"RU","discountAllowed":true,"timezone":"UTC","openDate":"2018-10-19T14:00:00.000Z","version":2460736418,"name":"Match Odds","eventName":"Kasatkina v Konta"}}]}
{"op":"mcm","clk":"7737459346","pt":1539890948414,"mc":[{"id":"1.149786293","rc":[{"ltp":2.16,"id":5596561}]}]}
{"op":"mcm","clk":"7737486768","pt":1539891265694,"mc":[{"id":"1.149786293","rc":[{"ltp":1.93,"id":7795290},{"ltp":2.08,"id":5596561}]}]}
{"op":"mcm","clk":"7737663590","pt":1539892659001,"mc":[{"id":"1.149786293","rc":[{"ltp":1.84,"id":7795290}]}]}
{"op":"mcm","clk":"7737798575","pt":1539893883991,"mc":[{"id":"1.149786293","rc":[{"ltp":1.83,"id":7795290},{"ltp":2.2,"id":5596561}]}]}
{"op":"mcm","clk":"7737861419","pt":1539894525412,"mc":[{"id":"1.149786293","rc":[{"ltp":1.84,"id":7795290}]}]}
{"op":"mcm","clk":"7737883434","pt":1539894838642,"mc":[{"id":"1.149786293","rc":[{"ltp":1.83,"id":7795290}]}]}
{"op":"mcm","clk":"7738106962","pt":1539897872286,"mc":[{"id":"1.149786293","rc":[{"ltp":1.82,"id":7795290}]}]}
{"op":"mcm","clk":"7738218670","pt":1539899634850,"mc":[{"id":"1.149786293","rc":[{"ltp":1.83,"id":7795290}]}]}
{"op":"mcm","clk":"7738313879","pt":1539901192954,"mc":[{"id":"1.149786293","rc":[{"ltp":1.81,"id":7795290}]}]}
{"op":"mcm","clk":"7738328257","pt":1539901554580,"mc":[{"id":"1.149786293","rc":[{"ltp":1.79,"id":7795290}]}]}
{"op":"mcm","clk":"7738330199","pt":1539901606901,"mc":[{"id":"1.149786293","rc":[{"ltp":1.78,"id":7795290}]}]}
{"op":"mcm","clk":"7738360944","pt":1539901984533,"mc":[{"id":"1.149786293","rc":[{"ltp":1.77,"id":7795290}]}]}
{"op":"mcm","clk":"7738608476","pt":1539905808004,"mc":[{"id":"1.149786293","rc":[{"ltp":1.83,"id":7795290}]}]}
{"op":"mcm","clk":"7738661017","pt":1539906586568,"mc":[{"id":"1.149786293","rc":[{"ltp":1.77,"id":7795290}]}]}
{"op":"mcm","clk":"7739209913","pt":1539913379559,"mc":[{"id":"1.149786293","rc":[{"ltp":1.84,"id":7795290},{"ltp":2.24,"id":5596561}]}]}
{"op":"mcm","clk":"7739461614","pt":1539916411494,"mc":[{"id":"1.149786293","rc":[{"ltp":2.18,"id":5596561}]}]}
{"op":"mcm","clk":"7739582063","pt":1539917829527,"mc":[{"id":"1.149786293","rc":[{"ltp":1.8,"id":7795290}]}]}
{"op":"mcm","clk":"7739666645","pt":1539919238091,"mc":[{"id":"1.149786293","rc":[{"ltp":1.79,"id":7795290}]}]}
{"op":"mcm","clk":"7739806252","pt":1539921489675,"mc":[{"id":"1.149786293","rc":[{"ltp":1.8,"id":7795290}]}]}
{"op":"mcm","clk":"7739809914","pt":1539921583217,"mc":[{"id":"1.149786293","rc":[{"ltp":1.84,"id":7795290}]}]}
{"op":"mcm","clk":"7739814710","pt":1539921708471,"mc":[{"id":"1.149786293","rc":[{"ltp":1.8,"id":7795290}]}]}
{"op":"mcm","clk":"7739982438","pt":1539924737277,"mc":[{"id":"1.149786293","rc":[{"ltp":1.81,"id":7795290},{"ltp":2.22,"id":5596561}]}]}
{"op":"mcm","clk":"7740343203","pt":1539930713626,"mc":[{"id":"1.149786293","rc":[{"ltp":1.8,"id":7795290}]}]}
{"op":"mcm","clk":"7740415668","pt":1539931920337,"mc":[{"id":"1.149786293","rc":[{"ltp":1.81,"id":7795290}]}]}
{"op":"mcm","clk":"7740478250","pt":1539932823023,"mc":[{"id":"1.149786293","rc":[{"ltp":1.78,"id":7795290},{"ltp":2.24,"id":5596561}]}]}
{"op":"mcm","clk":"7740496645","pt":1539933124687,"mc":[{"id":"1.149786293","rc":[{"ltp":1.79,"id":7795290}]}]}
{"op":"mcm","clk":"7740512593","pt":1539933136709,"mc":[{"id":"1.149786293","rc":[{"ltp":1.78,"id":7795290}]}]}
{"op":"mcm","clk":"7740533818","pt":1539933507797,"mc":[{"id":"1.149786293","rc":[{"ltp":1.8,"id":7795290}]}]}
{"op":"mcm","clk":"7740538235","pt":1539933602597,"mc":[{"id":"1.149786293","rc":[{"ltp":2.28,"id":5596561}]}]}
{"op":"mcm","clk":"7740559357","pt":1539934024788,"mc":[{"id":"1.149786293","rc":[{"ltp":1.78,"id":7795290}]}]}
{"op":"mcm","clk":"7740595963","pt":1539934425490,"mc":[{"id":"1.149786293","rc":[{"ltp":1.77,"id":7795290}]}]}
{"op":"mcm","clk":"7740600563","pt":1539934503994,"mc":[{"id":"1.149786293","rc":[{"ltp":1.78,"id":7795290}]}]}
{"op":"mcm","clk":"7740608008","pt":1539934616659,"mc":[{"id":"1.149786293","rc":[{"ltp":2.24,"id":5596561}]}]}
{"op":"mcm","clk":"7740620453","pt":1539934843431,"mc":[{"id":"1.149786293","rc":[{"ltp":1.8,"id":7795290}]}]}
{"op":"mcm","clk":"7740652310","pt":1539935146138,"mc":[{"id":"1.149786293","rc":[{"ltp":1.78,"id":7795290}]}]}
{"op":"mcm","clk":"7740680831","pt":1539935528700,"mc":[{"id":"1.149786293","rc":[{"ltp":1.8,"id":7795290}]}]}
{"op":"mcm","clk":"7740725281","pt":1539935917534,"mc":[{"id":"1.149786293","rc":[{"ltp":1.79,"id":7795290},{"ltp":2.26,"id":5596561}]}]}
{"op":"mcm","clk":"7740737632","pt":1539936082966,"mc":[{"id":"1.149786293","rc":[{"ltp":1.78,"id":7795290},{"ltp":2.28,"id":5596561}]}]}
{"op":"mcm","clk":"7740773680","pt":1539936650463,"mc":[{"id":"1.149786293","rc":[{"ltp":1.79,"id":7795290}]}]}
{"op":"mcm","clk":"7740815402","pt":1539937042400,"mc":[{"id":"1.149786293","rc":[{"ltp":1.78,"id":7795290}]}]}
{"op":"mcm","clk":"7740831201","pt":1539937257118,"mc":[{"id":"1.149786293","rc":[{"ltp":2.26,"id":5596561}]}]}
{"op":"mcm","clk":"7740841225","pt":1539937383119,"mc":[{"id":"1.149786293","rc":[{"ltp":2.28,"id":5596561}]}]}
{"op":"mcm","clk":"7740887569","pt":1539937771240,"mc":[{"id":"1.149786293","rc":[{"ltp":1.76,"id":7795290}]}]}
{"op":"mcm","clk":"7740914768","pt":1539938129317,"mc":[{"id":"1.149786293","rc":[{"ltp":1.79,"id":7795290}]}]}
{"op":"mcm","clk":"7740921251","pt":1539938219429,"mc":[{"id":"1.149786293","rc":[{"ltp":1.77,"id":7795290}]}]}
{"op":"mcm","clk":"7740925702","pt":1539938279624,"mc":[{"id":"1.149786293","rc":[{"ltp":1.76,"id":7795290},{"ltp":2.3,"id":5596561}]}]}
{"op":"mcm","clk":"7740931158","pt":1539938352978,"mc":[{"id":"1.149786293","rc":[{"ltp":1.79,"id":7795290},{"ltp":2.26,"id":5596561}]}]}
{"op":"mcm","clk":"7740972445","pt":1539938703007,"mc":[{"id":"1.149786293","rc":[{"ltp":1.77,"id":7795290}]}]}
{"op":"mcm","clk":"7740975638","pt":1539938750740,"mc":[{"id":"1.149786293","rc":[{"ltp":1.79,"id":7795290}]}]}
{"op":"mcm","clk":"7740989059","pt":1539938919449,"mc":[{"id":"1.149786293","rc":[{"ltp":1.77,"id":7795290}]}]}
{"op":"mcm","clk":"7741009040","pt":1539939126600,"mc":[{"id":"1.149786293","rc":[{"ltp":1.76,"id":7795290}]}]}
{"op":"mcm","clk":"7741018305","pt":1539939235436,"mc":[{"id":"1.149786293","rc":[{"ltp":1.78,"id":7795290},{"ltp":2.28,"id":5596561}]}]}
{"op":"mcm","clk":"7741022359","pt":1539939289867,"mc":[{"id":"1.149786293","rc":[{"ltp":1.76,"id":7795290}]}]}
{"op":"mcm","clk":"7741032179","pt":1539939417155,"mc":[{"id":"1.149786293","rc":[{"ltp":1.78,"id":7795290},{"ltp":2.3,"id":5596561}]}]}
{"op":"mcm","clk":"7741068909","pt":1539939651933,"mc":[{"id":"1.149786293","rc":[{"ltp":1.76,"id":7795290}]}]}
{"op":"mcm","clk":"7741123617","pt":1539940257996,"mc":[{"id":"1.149786293","rc":[{"ltp":1.75,"id":7795290}]}]}
{"op":"mcm","clk":"7741130243","pt":1539940324746,"mc":[{"id":"1.149786293","rc":[{"ltp":1.74,"id":7795290},{"ltp":2.32,"id":5596561}]}]}
{"op":"mcm","clk":"7741161947","pt":1539940500891,"mc":[{"id":"1.149786293","rc":[{"ltp":1.76,"id":7795290}]}]}
{"op":"mcm","clk":"7741183482","pt":1539940706605,"mc":[{"id":"1.149786293","rc":[{"ltp":1.74,"id":7795290}]}]}
{"op":"mcm","clk":"7741255325","pt":1539941246785,"mc":[{"id":"1.149786293","rc":[{"ltp":1.75,"id":7795290}]}]}
{"op":"mcm","clk":"7741285703","pt":1539941508018,"mc":[{"id":"1.149786293","rc":[{"ltp":1.76,"id":7795290}]}]}
{"op":"mcm","clk":"7741291998","pt":1539941567250,"mc":[{"id":"1.149786293","rc":[{"ltp":1.75,"id":7795290}]}]}
{"op":"mcm","clk":"7741344837","pt":1539942065185,"mc":[{"id":"1.149786293","rc":[{"ltp":1.74,"id":7795290},{"ltp":2.34,"id":5596561}]}]}
{"op":"mcm","clk":"7741380853","pt":1539942285768,"mc":[{"id":"1.149786293","rc":[{"ltp":2.32,"id":5596561}]}]}
{"op":"mcm","clk":"7741391878","pt":1539942411979,"mc":[{"id":"1.149786293","rc":[{"ltp":1.72,"id":7795290}]}]}
{"op":"mcm","clk":"7741399595","pt":1539942483007,"mc":[{"id":"1.149786293","rc":[{"ltp":1.73,"id":7795290},{"ltp":2.4,"id":5596561}]}]}
{"op":"mcm","clk":"7741428561","pt":1539942768399,"mc":[{"id":"1.149786293","rc":[{"ltp":1.7,"id":7795290}]}]}
{"op":"mcm","clk":"7741442477","pt":1539942913913,"mc":[{"id":"1.149786293","rc":[{"ltp":1.69,"id":7795290}]}]}
{"op":"mcm","clk":"7741477797","pt":1539943109233,"mc":[{"id":"1.149786293","rc":[{"ltp":1.67,"id":7795290}]}]}
{"op":"mcm","clk":"7741486539","pt":1539943204358,"mc":[{"id":"1.149786293","rc":[{"ltp":1.68,"id":7795290}]}]}
{"op":"mcm","clk":"7741511849","pt":1539943469178,"mc":[{"id":"1.149786293","rc":[{"ltp":1.67,"id":7795290}]}]}
{"op":"mcm","clk":"7741521823","pt":1539943572845,"mc":[{"id":"1.149786293","rc":[{"ltp":1.69,"id":7795290}]}]}
{"op":"mcm","clk":"7741560103","pt":1539943915921,"mc":[{"id":"1.149786293","rc":[{"ltp":1.7,"id":7795290}]}]}
{"op":"mcm","clk":"7741580177","pt":1539943964797,"mc":[{"id":"1.149786293","rc":[{"ltp":1.69,"id":7795290}]}]}
{"op":"mcm","clk":"7741626012","pt":1539944405313,"mc":[{"id":"1.149786293","rc":[{"ltp":1.68,"id":7795290}]}]}
{"op":"mcm","clk":"7741825685","pt":1539945825017,"mc":[{"id":"1.149786293","rc":[{"ltp":1.67,"id":7795290}]}]}
{"op":"mcm","clk":"7741842456","pt":1539945963956,"mc":[{"id":"1.149786293","rc":[{"ltp":1.68,"id":7795290}]}]}
{"op":"mcm","clk":"7741846536","pt":1539946000291,"mc":[{"id":"1.149786293","rc":[{"ltp":1.67,"id":7795290}]}]}
{"op":"mcm","clk":"7741858686","pt":1539946098691,"mc":[{"id":"1.149786293","rc":[{"ltp":1.69,"id":7795290}]}]}
{"op":"mcm","clk":"7741867060","pt":1539946162441,"mc":[{"id":"1.149786293","rc":[{"ltp":2.46,"id":5596561}]}]}
{"op":"mcm","clk":"7741886371","pt":1539946301927,"mc":[{"id":"1.149786293","rc":[{"ltp":1.67,"id":7795290}]}]}
{"op":"mcm","clk":"7741945681","pt":1539946656979,"mc":[{"id":"1.149786293","rc":[{"ltp":1.68,"id":7795290}]}]}
{"op":"mcm","clk":"7741989581","pt":1539947027701,"mc":[{"id":"1.149786293","rc":[{"ltp":1.67,"id":7795290}]}]}
{"op":"mcm","clk":"7742104846","pt":1539947687478,"mc":[{"id":"1.149786293","rc":[{"ltp":1.68,"id":7795290}]}]}
{"op":"mcm","clk":"7742114244","pt":1539947747451,"mc":[{"id":"1.149786293","rc":[{"ltp":1.67,"id":7795290}]}]}
{"op":"mcm","clk":"7742125322","pt":1539947820315,"mc":[{"id":"1.149786293","rc":[{"ltp":1.68,"id":7795290}]}]}
{"op":"mcm","clk":"7742131225","pt":1539947859502,"mc":[{"id":"1.149786293","rc":[{"ltp":1.69,"id":7795290}]}]}
{"op":"mcm","clk":"7742146586","pt":1539947945427,"mc":[{"id":"1.149786293","rc":[{"ltp":1.67,"id":7795290}]}]}
{"op":"mcm","clk":"7742199606","pt":1539948294148,"mc":[{"id":"1.149786293","rc":[{"ltp":2.48,"id":5596561}]}]}
{"op":"mcm","clk":"7742241222","pt":1539948481648,"mc":[{"id":"1.149786293","rc":[{"ltp":1.69,"id":7795290},{"ltp":2.44,"id":5596561}]}]}
{"op":"mcm","clk":"7742249593","pt":1539948542458,"mc":[{"id":"1.149786293","rc":[{"ltp":1.7,"id":7795290},{"ltp":2.46,"id":5596561}]}]}
{"op":"mcm","clk":"7742267768","pt":1539948663139,"mc":[{"id":"1.149786293","rc":[{"ltp":1.69,"id":7795290},{"ltp":2.44,"id":5596561}]}]}
{"op":"mcm","clk":"7742275750","pt":1539948720238,"mc":[{"id":"1.149786293","rc":[{"ltp":1.68,"id":7795290},{"ltp":2.46,"id":5596561}]}]}
{"op":"mcm","clk":"7742294726","pt":1539948837505,"mc":[{"id":"1.149786293","rc":[{"ltp":1.69,"id":7795290}]}]}
{"op":"mcm","clk":"7742300514","pt":1539948873097,"mc":[{"id":"1.149786293","rc":[{"ltp":1.68,"id":7795290}]}]}
{"op":"mcm","clk":"7742314652","pt":1539948958376,"mc":[{"id":"1.149786293","rc":[{"ltp":2.44,"id":5596561}]}]}
{"op":"mcm","clk":"7742323694","pt":1539949012435,"mc":[{"id":"1.149786293","rc":[{"ltp":1.67,"id":7795290},{"ltp":2.46,"id":5596561}]}]}
{"op":"mcm","clk":"7742495205","pt":1539950035257,"mc":[{"id":"1.149786293","marketDefinition":{"bspMarket":false,"turnInPlayEnabled":true,"persistenceEnabled":true,"marketBaseRate":5.0,"eventId":"28963247","eventTypeId":"2","numberOfWinners":1,"bettingType":"ODDS","marketType":"MATCH_ODDS","marketTime":"2018-10-19T13:50:00.000Z","suspendTime":"2018-10-19T13:50:00.000Z","bspReconciled":false,"complete":true,"inPlay":false,"crossMatching":true,"runnersVoidable":false,"numberOfActiveRunners":2,"betDelay":0,"status":"OPEN","runners":[{"status":"ACTIVE","sortPriority":1,"id":7795290,"name":"Daria Kasatkina"},{"status":"ACTIVE","sortPriority":2,"id":5596561,"name":"Johanna Konta"}],"regulators":["MR_INT"],"countryCode":"RU","discountAllowed":true,"timezone":"UTC","openDate":"2018-10-19T13:50:00.000Z","version":2461439617,"name":"Match Odds","eventName":"Kasatkina v Konta"}}]}
{"op":"mcm","clk":"7742544510","pt":1539950282340,"mc":[{"id":"1.149786293","rc":[{"ltp":2.48,"id":5596561}]}]}
{"op":"mcm","clk":"7742588851","pt":1539950582802,"mc":[{"id":"1.149786293","rc":[{"ltp":1.66,"id":7795290}]}]}
{"op":"mcm","clk":"7742614593","pt":1539950742087,"mc":[{"id":"1.149786293","rc":[{"ltp":2.5,"id":5596561}]}]}
{"op":"mcm","clk":"7742632493","pt":1539950837611,"mc":[{"id":"1.149786293","rc":[{"ltp":1.67,"id":7795290}]}]}
{"op":"mcm","clk":"7742776346","pt":1539951534442,"mc":[{"id":"1.149786293","rc":[{"ltp":1.68,"id":7795290},{"ltp":2.46,"id":5596561}]}]}
{"op":"mcm","clk":"7742819968","pt":1539951760587,"mc":[{"id":"1.149786293","rc":[{"ltp":2.5,"id":5596561}]}]}
{"op":"mcm","clk":"7742921891","pt":1539952248959,"mc":[{"id":"1.149786293","rc":[{"ltp":1.66,"id":7795290}]}]}
{"op":"mcm","clk":"7742933708","pt":1539952313815,"mc":[{"id":"1.149786293","rc":[{"ltp":2.48,"id":5596561}]}]}
{"op":"mcm","clk":"7742979531","pt":1539952554743,"mc":[{"id":"1.149786293","rc":[{"ltp":2.5,"id":5596561}]}]}
{"op":"mcm","clk":"7743005110","pt":1539952684185,"mc":[{"id":"1.149786293","rc":[{"ltp":1.67,"id":7795290}]}]}
{"op":"mcm","clk":"7743036578","pt":1539952857638,"mc":[{"id":"1.149786293","rc":[{"ltp":1.68,"id":7795290}]}]}
{"op":"mcm","clk":"7743073963","pt":1539952979004,"mc":[{"id":"1.149786293","rc":[{"ltp":1.67,"id":7795290},{"ltp":2.48,"id":5596561}]}]}
{"op":"mcm","clk":"7743096659","pt":1539953102324,"mc":[{"id":"1.149786293","rc":[{"ltp":2.5,"id":5596561}]}]}
{"op":"mcm","clk":"7743115385","pt":1539953208640,"mc":[{"id":"1.149786293","rc":[{"ltp":1.66,"id":7795290}]}]}
{"op":"mcm","clk":"7743135287","pt":1539953344118,"mc":[{"id":"1.149786293","rc":[{"ltp":2.52,"id":5596561}]}]}
{"op":"mcm","clk":"7743153939","pt":1539953464514,"mc":[{"id":"1.149786293","rc":[{"ltp":1.67,"id":7795290}]}]}
{"op":"mcm","clk":"7743177043","pt":1539953615478,"mc":[{"id":"1.149786293","rc":[{"ltp":1.66,"id":7795290}]}]}
{"op":"mcm","clk":"7743200617","pt":1539953755421,"mc":[{"id":"1.149786293","rc":[{"ltp":2.5,"id":5596561}]}]}
{"op":"mcm","clk":"7743202945","pt":1539953769254,"mc":[{"id":"1.149786293","rc":[{"ltp":2.52,"id":5596561}]}]}
{"op":"mcm","clk":"7743253109","pt":1539954004666,"mc":[{"id":"1.149786293","rc":[{"ltp":1.65,"id":7795290}]}]}
{"op":"mcm","clk":"7743298173","pt":1539954305276,"mc":[{"id":"1.149786293","rc":[{"ltp":1.66,"id":7795290},{"ltp":2.5,"id":5596561}]}]}
{"op":"mcm","clk":"7743348192","pt":1539954591256,"mc":[{"id":"1.149786293","rc":[{"ltp":2.52,"id":5596561}]}]}
{"op":"mcm","clk":"7743395829","pt":1539954785325,"mc":[{"id":"1.149786293","rc":[{"ltp":1.65,"id":7795290}]}]}
{"op":"mcm","clk":"7743403799","pt":1539954834469,"mc":[{"id":"1.149786293","rc":[{"ltp":1.66,"id":7795290},{"ltp":2.56,"id":5596561}]}]}
{"op":"mcm","clk":"7743414511","pt":1539954902813,"mc":[{"id":"1.149786293","rc":[{"ltp":2.5,"id":5596561}]}]}
{"op":"mcm","clk":"7743441835","pt":1539955076720,"mc":[{"id":"1.149786293","rc":[{"ltp":1.65,"id":7795290},{"ltp":2.52,"id":5596561}]}]}
{"op":"mcm","clk":"7743450680","pt":1539955134125,"mc":[{"id":"1.149786293","rc":[{"ltp":1.66,"id":7795290}]}]}
{"op":"mcm","clk":"7743470067","pt":1539955259813,"mc":[{"id":"1.149786293","rc":[{"ltp":1.65,"id":7795290}]}]}
{"op":"mcm","clk":"7743479610","pt":1539955320319,"mc":[{"id":"1.149786293","rc":[{"ltp":1.67,"id":7795290}]}]}
{"op":"mcm","clk":"7743497058","pt":1539955434174,"mc":[{"id":"1.149786293","rc":[{"ltp":1.65,"id":7795290}]}]}
{"op":"mcm","clk":"7743509673","pt":1539955505366,"mc":[{"id":"1.149786293","rc":[{"ltp":1.66,"id":7795290},{"ltp":2.5,"id":5596561}]}]}
{"op":"mcm","clk":"7743526633","pt":1539955611976,"mc":[{"id":"1.149786293","rc":[{"ltp":1.65,"id":7795290}]}]}
{"op":"mcm","clk":"7743562366","pt":1539955738205,"mc":[{"id":"1.149786293","rc":[{"ltp":1.64,"id":7795290}]}]}
{"op":"mcm","clk":"7743570139","pt":1539955783691,"mc":[{"id":"1.149786293","rc":[{"ltp":2.54,"id":5596561}]}]}
{"op":"mcm","clk":"7743582310","pt":1539955860118,"mc":[{"id":"1.149786293","rc":[{"ltp":1.65,"id":7795290}]}]}
{"op":"mcm","clk":"7743599754","pt":1539955977792,"mc":[{"id":"1.149786293","rc":[{"ltp":1.64,"id":7795290}]}]}
{"op":"mcm","clk":"7743637494","pt":1539956223463,"mc":[{"id":"1.149786293","rc":[{"ltp":2.52,"id":5596561}]}]}
{"op":"mcm","clk":"7743664542","pt":1539956387055,"mc":[{"id":"1.149786293","rc":[{"ltp":1.65,"id":7795290}]}]}
{"op":"mcm","clk":"7743703549","pt":1539956539186,"mc":[{"id":"1.149786293","rc":[{"ltp":1.64,"id":7795290}]}]}
{"op":"mcm","clk":"7743736807","pt":1539956764832,"mc":[{"id":"1.149786293","rc":[{"ltp":1.65,"id":7795290},{"ltp":2.56,"id":5596561}]}]}
{"op":"mcm","clk":"7743746096","pt":1539956824073,"mc":[{"id":"1.149786293","rc":[{"ltp":1.64,"id":7795290},{"ltp":2.54,"id":5596561}]}]}
{"op":"mcm","clk":"7743763219","pt":1539956944060,"mc":[{"id":"1.149786293","marketDefinition":{"bspMarket":false,"turnInPlayEnabled":true,"persistenceEnabled":true,"marketBaseRate":5.0,"eventId":"28963247","eventTypeId":"2","numberOfWinners":1,"bettingType":"ODDS","marketType":"MATCH_ODDS","marketTime":"2018-10-19T13:52:00.000Z","suspendTime":"2018-10-19T13:52:00.000Z","bspReconciled":false,"complete":true,"inPlay":false,"crossMatching":true,"runnersVoidable":false,"numberOfActiveRunners":2,"betDelay":0,"status":"OPEN","runners":[{"status":"ACTIVE","sortPriority":1,"id":7795290,"name":"Daria Kasatkina"},{"status":"ACTIVE","sortPriority":2,"id":5596561,"name":"Johanna Konta"}],"regulators":["MR_INT"],"countryCode":"RU","discountAllowed":true,"timezone":"UTC","openDate":"2018-10-19T13:52:00.000Z","version":2461632086,"name":"Match Odds","eventName":"Kasatkina v Konta"},"rc":[{"ltp":1.65,"id":7795290}]}]}
{"op":"mcm","clk":"7743771314","pt":1539957001842,"mc":[{"id":"1.149786293","rc":[{"ltp":1.64,"id":7795290}]}]}
{"op":"mcm","clk":"7743778936","pt":1539957064828,"mc":[{"id":"1.149786293","rc":[{"ltp":1.63,"id":7795290}]}]}
{"op":"mcm","clk":"7743787053","pt":1539957124188,"mc":[{"id":"1.149786293","rc":[{"ltp":1.61,"id":7795290},{"ltp":2.66,"id":5596561}]}]}
{"op":"mcm","clk":"7743793414","pt":1539957185135,"mc":[{"id":"1.149786293","rc":[{"ltp":2.62,"id":5596561}]}]}
{"op":"mcm","clk":"7743799913","pt":1539957245291,"mc":[{"id":"1.149786293","marketDefinition":{"bspMarket":false,"turnInPlayEnabled":true,"persistenceEnabled":true,"marketBaseRate":5.0,"eventId":"28963247","eventTypeId":"2","numberOfWinners":1,"bettingType":"ODDS","marketType":"MATCH_ODDS","marketTime":"2018-10-19T13:51:00.000Z","suspendTime":"2018-10-19T13:51:00.000Z","bspReconciled":false,"complete":true,"inPlay":false,"crossMatching":true,"runnersVoidable":false,"numberOfActiveRunners":2,"betDelay":0,"status":"OPEN","runners":[{"status":"ACTIVE","sortPriority":1,"id":7795290,"name":"Daria Kasatkina"},{"status":"ACTIVE","sortPriority":2,"id":5596561,"name":"Johanna Konta"}],"regulators":["MR_INT"],"countryCode":"RU","discountAllowed":true,"timezone":"UTC","openDate":"2018-10-19T13:51:00.000Z","version":2461648018,"name":"Match Odds","eventName":"Kasatkina v Konta"},"rc":[{"ltp":2.64,"id":5596561}]}]}
{"op":"mcm","clk":"7743807412","pt":1539957304947,"mc":[{"id":"1.149786293","rc":[{"ltp":1.62,"id":7795290}]}]}
{"op":"mcm","clk":"7743814224","pt":1539957364766,"mc":[{"id":"1.149786293","rc":[{"ltp":1.61,"id":7795290},{"ltp":2.6,"id":5596561}]}]}
{"op":"mcm","clk":"7743821179","pt":1539957423999,"mc":[{"id":"1.149786293","rc":[{"ltp":1.6,"id":7795290},{"ltp":2.62,"id":5596561}]}]}
{"op":"mcm","clk":"7743844584","pt":1539957482129,"mc":[{"id":"1.149786293","rc":[{"ltp":2.66,"id":5596561}]}]}
{"op":"mcm","clk":"7743860269","pt":1539957601113,"mc":[{"id":"1.149786293","rc":[{"ltp":1.59,"id":7795290}]}]}
{"op":"mcm","clk":"7743877186","pt":1539957722049,"mc":[{"id":"1.149786293","rc":[{"ltp":1.58,"id":7795290},{"ltp":2.72,"id":5596561}]}]}
{"op":"mcm","clk":"7743885169","pt":1539957784461,"mc":[{"id":"1.149786293","rc":[{"ltp":1.6,"id":7795290},{"ltp":2.68,"id":5596561}]}]}
{"op":"mcm","clk":"7743901667","pt":1539957905275,"mc":[{"id":"1.149786293","rc":[{"ltp":2.64,"id":5596561}]}]}
{"op":"mcm","clk":"7743910157","pt":1539957965287,"mc":[{"id":"1.149786293","marketDefinition":{"bspMarket":false,"turnInPlayEnabled":true,"persistenceEnabled":true,"marketBaseRate":5.0,"eventId":"28963247","eventTypeId":"2","numberOfWinners":1,"bettingType":"ODDS","marketType":"MATCH_ODDS","marketTime":"2018-10-19T13:51:00.000Z","suspendTime":"2018-10-19T13:51:00.000Z","bspReconciled":false,"complete":true,"inPlay":true,"crossMatching":true,"runnersVoidable":false,"numberOfActiveRunners":2,"betDelay":5,"status":"OPEN","runners":[{"status":"ACTIVE","sortPriority":1,"id":7795290,"name":"Daria Kasatkina"},{"status":"ACTIVE","sortPriority":2,"id":5596561,"name":"Johanna Konta"}],"regulators":["MR_INT"],"countryCode":"RU","discountAllowed":true,"timezone":"UTC","openDate":"2018-10-19T13:51:00.000Z","version":2461658064,"name":"Match Odds","eventName":"Kasatkina v Konta"},"rc":[{"ltp":1.52,"id":7795290},{"ltp":2.92,"id":5596561}]}]}
{"op":"mcm","clk":"7743918334","pt":1539958024912,"mc":[{"id":"1.149786293","rc":[{"ltp":1.54,"id":7795290},{"ltp":2.6,"id":5596561}]}]}
{"op":"mcm","clk":"7743926918","pt":1539958085233,"mc":[{"id":"1.149786293","rc":[{"ltp":1.46,"id":7795290},{"ltp":3.15,"id":5596561}]}]}
{"op":"mcm","clk":"7743933601","pt":1539958144549,"mc":[{"id":"1.149786293","rc":[{"ltp":1.48,"id":7795290},{"ltp":3.0,"id":5596561}]}]}
{"op":"mcm","clk":"7743940260","pt":1539958205373,"mc":[{"id":"1.149786293","rc":[{"ltp":1.6,"id":7795290},{"ltp":2.66,"id":5596561}]}]}
{"op":"mcm","clk":"7743946409","pt":1539958265000,"mc":[{"id":"1.149786293","rc":[{"ltp":1.69,"id":7795290},{"ltp":2.44,"id":5596561}]}]}
{"op":"mcm","clk":"7743952609","pt":1539958324948,"mc":[{"id":"1.149786293","rc":[{"ltp":1.57,"id":7795290},{"ltp":2.7,"id":5596561}]}]}
{"op":"mcm","clk":"7743976035","pt":1539958385346,"mc":[{"id":"1.149786293","rc":[{"ltp":1.82,"id":7795290},{"ltp":2.2,"id":5596561}]}]}
{"op":"mcm","clk":"7743982669","pt":1539958445085,"mc":[{"id":"1.149786293","rc":[{"ltp":1.61,"id":7795290},{"ltp":2.66,"id":5596561}]}]}
{"op":"mcm","clk":"7743988954","pt":1539958505275,"mc":[{"id":"1.149786293","rc":[{"ltp":1.55,"id":7795290},{"ltp":2.8,"id":5596561}]}]}
{"op":"mcm","clk":"7744002931","pt":1539958624977,"mc":[{"id":"1.149786293","rc":[{"ltp":1.4,"id":7795290},{"ltp":3.4,"id":5596561}]}]}
{"op":"mcm","clk":"7744010078","pt":1539958685389,"mc":[{"id":"1.149786293","rc":[{"ltp":1.37,"id":7795290},{"ltp":3.7,"id":5596561}]}]}
{"op":"mcm","clk":"7744016689","pt":1539958744660,"mc":[{"id":"1.149786293","rc":[{"ltp":1.51,"id":7795290},{"ltp":3.45,"id":5596561}]}]}
{"op":"mcm","clk":"7744022955","pt":1539958805347,"mc":[{"id":"1.149786293","rc":[{"ltp":1.41,"id":7795290},{"ltp":3.4,"id":5596561}]}]}
{"op":"mcm","clk":"7744028752","pt":1539958865252,"mc":[{"id":"1.149786293","rc":[{"ltp":1.28,"id":7795290},{"ltp":4.5,"id":5596561}]}]}
{"op":"mcm","clk":"7744035032","pt":1539958924950,"mc":[{"id":"1.149786293","rc":[{"ltp":1.37,"id":7795290},{"ltp":3.75,"id":5596561}]}]}
{"op":"mcm","clk":"7744042267","pt":1539958984952,"mc":[{"id":"1.149786293","rc":[{"ltp":1.39,"id":7795290},{"ltp":3.5,"id":5596561}]}]}
{"op":"mcm","clk":"7744049892","pt":1539959045382,"mc":[{"id":"1.149786293","rc":[{"ltp":1.28,"id":7795290},{"ltp":4.1,"id":5596561}]}]}
{"op":"mcm","clk":"7744056265","pt":1539959104595,"mc":[{"id":"1.149786293","rc":[{"ltp":1.24,"id":7795290},{"ltp":5.0,"id":5596561}]}]}
{"op":"mcm","clk":"7744062581","pt":1539959164763,"mc":[{"id":"1.149786293","rc":[{"ltp":1.25,"id":7795290}]}]}
{"op":"mcm","clk":"7744068426","pt":1539959224733,"mc":[{"id":"1.149786293","rc":[{"ltp":1.29,"id":7795290},{"ltp":4.4,"id":5596561}]}]}
{"op":"mcm","clk":"7744089621","pt":1539959284681,"mc":[{"id":"1.149786293","rc":[{"ltp":1.26,"id":7795290},{"ltp":4.5,"id":5596561}]}]}
{"op":"mcm","clk":"7744094911","pt":1539959345360,"mc":[{"id":"1.149786293","rc":[{"ltp":1.27,"id":7795290},{"ltp":4.7,"id":5596561}]}]}
{"op":"mcm","clk":"7744100928","pt":1539959405327,"mc":[{"id":"1.149786293","rc":[{"ltp":1.31,"id":7795290},{"ltp":4.2,"id":5596561}]}]}
{"op":"mcm","clk":"7744107213","pt":1539959464786,"mc":[{"id":"1.149786293","rc":[{"ltp":1.29,"id":7795290},{"ltp":4.9,"id":5596561}]}]}
{"op":"mcm","clk":"7744112976","pt":1539959524680,"mc":[{"id":"1.149786293","rc":[{"ltp":1.25,"id":7795290},{"ltp":5.2,"id":5596561}]}]}
{"op":"mcm","clk":"7744119562","pt":1539959584670,"mc":[{"id":"1.149786293","rc":[{"ltp":1.32,"id":7795290},{"ltp":4.1,"id":5596561}]}]}
{"op":"mcm","clk":"7744125257","pt":1539959645296,"mc":[{"id":"1.149786293","rc":[{"ltp":1.33,"id":7795290},{"ltp":4.0,"id":5596561}]}]}
{"op":"mcm","clk":"7744131489","pt":1539959704948,"mc":[{"id":"1.149786293","rc":[{"ltp":1.28,"id":7795290},{"ltp":4.6,"id":5596561}]}]}
{"op":"mcm","clk":"7744137245","pt":1539959765216,"mc":[{"id":"1.149786293","rc":[{"ltp":1.25,"id":7795290},{"ltp":5.1,"id":5596561}]}]}
{"op":"mcm","clk":"7744145629","pt":1539959824419,"mc":[{"id":"1.149786293","rc":[{"ltp":1.26,"id":7795290},{"ltp":5.0,"id":5596561}]}]}
{"op":"mcm","clk":"7744154196","pt":1539959884797,"mc":[{"id":"1.149786293","rc":[{"ltp":1.25,"id":7795290}]}]}
{"op":"mcm","clk":"7744162318","pt":1539959944766,"mc":[{"id":"1.149786293","rc":[{"ltp":1.2,"id":7795290},{"ltp":6.0,"id":5596561}]}]}
{"op":"mcm","clk":"7744169973","pt":1539960005325,"mc":[{"id":"1.149786293","rc":[{"ltp":1.18,"id":7795290},{"ltp":6.4,"id":5596561}]}]}
{"op":"mcm","clk":"7744177124","pt":1539960064268,"mc":[{"id":"1.149786293","rc":[{"ltp":1.2,"id":7795290},{"ltp":6.0,"id":5596561}]}]}
{"op":"mcm","clk":"7744185082","pt":1539960124740,"mc":[{"id":"1.149786293","rc":[{"ltp":1.23,"id":7795290},{"ltp":5.3,"id":5596561}]}]}
{"op":"mcm","clk":"7744208055","pt":1539960185304,"mc":[{"id":"1.149786293","rc":[{"ltp":1.25,"id":7795290},{"ltp":4.9,"id":5596561}]}]}
{"op":"mcm","clk":"7744216256","pt":1539960244894,"mc":[{"id":"1.149786293","rc":[{"ltp":1.2,"id":7795290},{"ltp":5.6,"id":5596561}]}]}
{"op":"mcm","clk":"7744222993","pt":1539960304480,"mc":[{"id":"1.149786293","rc":[{"ltp":1.26,"id":7795290},{"ltp":5.3,"id":5596561}]}]}
{"op":"mcm","clk":"7744229574","pt":1539960365374,"mc":[{"id":"1.149786293","rc":[{"ltp":1.27,"id":7795290},{"ltp":4.7,"id":5596561}]}]}
{"op":"mcm","clk":"7744236145","pt":1539960424988,"mc":[{"id":"1.149786293","rc":[{"ltp":1.38,"id":7795290},{"ltp":3.6,"id":5596561}]}]}
{"op":"mcm","clk":"7744242770","pt":1539960485343,"mc":[{"id":"1.149786293","rc":[{"ltp":1.42,"id":7795290},{"ltp":3.35,"id":5596561}]}]}
{"op":"mcm","clk":"7744249255","pt":1539960545198,"mc":[{"id":"1.149786293","rc":[{"ltp":1.27,"id":7795290},{"ltp":4.7,"id":5596561}]}]}
{"op":"mcm","clk":"7744255037","pt":1539960605396,"mc":[{"id":"1.149786293","rc":[{"ltp":1.47,"id":7795290},{"ltp":3.45,"id":5596561}]}]}
{"op":"mcm","clk":"7744261018","pt":1539960665157,"mc":[{"id":"1.149786293","rc":[{"ltp":1.48,"id":7795290},{"ltp":3.1,"id":5596561}]}]}
{"op":"mcm","clk":"7744266518","pt":1539960724518,"mc":[{"id":"1.149786293","rc":[{"ltp":1.49,"id":7795290},{"ltp":3.05,"id":5596561}]}]}
{"op":"mcm","clk":"7744272620","pt":1539960785068,"mc":[{"id":"1.149786293","rc":[{"ltp":1.36,"id":7795290},{"ltp":3.8,"id":5596561}]}]}
{"op":"mcm","clk":"7744279111","pt":1539960845316,"mc":[{"id":"1.149786293","rc":[{"ltp":4.3,"id":5596561}]}]}
{"op":"mcm","clk":"7744285163","pt":1539960905359,"mc":[{"id":"1.149786293","rc":[{"ltp":1.32,"id":7795290},{"ltp":4.1,"id":5596561}]}]}
{"op":"mcm","clk":"7744291552","pt":1539960965363,"mc":[{"id":"1.149786293","rc":[{"ltp":1.22,"id":7795290},{"ltp":5.7,"id":5596561}]}]}
{"op":"mcm","clk":"7744297833","pt":1539961024849,"mc":[{"id":"1.149786293","rc":[{"ltp":1.23,"id":7795290},{"ltp":5.4,"id":5596561}]}]}
{"op":"mcm","clk":"7744320585","pt":1539961085217,"mc":[{"id":"1.149786293","rc":[{"ltp":5.2,"id":5596561}]}]}
{"op":"mcm","clk":"7744327100","pt":1539961145187,"mc":[{"id":"1.149786293","rc":[{"ltp":1.35,"id":7795290},{"ltp":3.6,"id":5596561}]}]}
{"op":"mcm","clk":"7744334576","pt":1539961205293,"mc":[{"id":"1.149786293","rc":[{"ltp":1.41,"id":7795290},{"ltp":3.4,"id":5596561}]}]}
{"op":"mcm","clk":"7744342181","pt":1539961265274,"mc":[{"id":"1.149786293","rc":[{"ltp":1.36,"id":7795290},{"ltp":3.75,"id":5596561}]}]}
{"op":"mcm","clk":"7744350357","pt":1539961324497,"mc":[{"id":"1.149786293","rc":[{"ltp":1.27,"id":7795290},{"ltp":4.3,"id":5596561}]}]}
{"op":"mcm","clk":"7744358514","pt":1539961384750,"mc":[{"id":"1.149786293","rc":[{"ltp":1.28,"id":7795290},{"ltp":5.0,"id":5596561}]}]}
{"op":"mcm","clk":"7744366113","pt":1539961444796,"mc":[{"id":"1.149786293","rc":[{"ltp":1.31,"id":7795290},{"ltp":4.0,"id":5596561}]}]}
{"op":"mcm","clk":"7744373693","pt":1539961504679,"mc":[{"id":"1.149786293","rc":[{"ltp":1.22,"id":7795290},{"ltp":5.5,"id":5596561}]}]}
{"op":"mcm","clk":"7744382072","pt":1539961565113,"mc":[{"id":"1.149786293","rc":[{"ltp":1.18,"id":7795290},{"ltp":6.6,"id":5596561}]}]}
{"op":"mcm","clk":"7744390680","pt":1539961624699,"mc":[{"id":"1.149786293","rc":[{"ltp":1.16,"id":7795290},{"ltp":7.0,"id":5596561}]}]}
{"op":"mcm","clk":"7744398038","pt":1539961684718,"mc":[{"id":"1.149786293","rc":[{"ltp":1.17,"id":7795290},{"ltp":6.8,"id":5596561}]}]}
{"op":"mcm","clk":"7744406000","pt":1539961745260,"mc":[{"id":"1.149786293","rc":[{"ltp":1.22,"id":7795290},{"ltp":5.6,"id":5596561}]}]}
{"op":"mcm","clk":"7744413043","pt":1539961805039,"mc":[{"id":"1.149786293","rc":[{"ltp":1.25,"id":7795290},{"ltp":5.0,"id":5596561}]}]}
{"op":"mcm","clk":"7744419711","pt":1539961864027,"mc":[{"id":"1.149786293","rc":[{"ltp":1.23,"id":7795290},{"ltp":5.3,"id":5596561}]}]}
{"op":"mcm","clk":"7744426642","pt":1539961924821,"mc":[{"id":"1.149786293","rc":[{"ltp":1.17,"id":7795290},{"ltp":7.2,"id":5596561}]}]}
{"op":"mcm","clk":"7744452269","pt":1539961985293,"mc":[{"id":"1.149786293","rc":[{"ltp":1.2,"id":7795290},{"ltp":6.0,"id":5596561}]}]}
{"op":"mcm","clk":"7744460058","pt":1539962044696,"mc":[{"id":"1.149786293","rc":[{"ltp":1.16,"id":7795290},{"ltp":7.6,"id":5596561}]}]}
{"op":"mcm","clk":"7744468363","pt":1539962105369,"mc":[{"id":"1.149786293","rc":[{"ltp":1.07,"id":7795290},{"ltp":15.5,"id":5596561}]}]}
{"op":"mcm","clk":"7744476931","pt":1539962164890,"mc":[{"id":"1.149786293","rc":[{"ltp":1.05,"id":7795290},{"ltp":18.0,"id":5596561}]}]}
{"op":"mcm","clk":"7744484808","pt":1539962224435,"mc":[{"id":"1.149786293","rc":[{"ltp":1.04,"id":7795290},{"ltp":23.0,"id":5596561}]}]}
{"op":"mcm","clk":"7744493186","pt":1539962285401,"mc":[{"id":"1.149786293","rc":[{"ltp":1.03,"id":7795290},{"ltp":28.0,"id":5596561}]}]}
{"op":"mcm","clk":"7744500772","pt":1539962344994,"mc":[{"id":"1.149786293","rc":[{"ltp":1.04,"id":7795290},{"ltp":30.0,"id":5596561}]}]}
{"op":"mcm","clk":"7744508402","pt":1539962405127,"mc":[{"id":"1.149786293","rc":[{"ltp":1.02,"id":7795290},{"ltp":34.0,"id":5596561}]}]}
{"op":"mcm","clk":"7744519611","pt":1539962465380,"mc":[{"id":"1.149786293","rc":[{"ltp":50.0,"id":5596561}]}]}
{"op":"mcm","clk":"7744528474","pt":1539962524012,"mc":[{"id":"1.149786293","rc":[{"ltp":1.05,"id":7795290},{"ltp":24.0,"id":5596561}]}]}
{"op":"mcm","clk":"7744536771","pt":1539962585376,"mc":[{"id":"1.149786293","rc":[{"ltp":1.04,"id":7795290},{"ltp":21.0,"id":5596561}]}]}
{"op":"mcm","clk":"7744544853","pt":1539962645324,"mc":[{"id":"1.149786293","rc":[{"ltp":26.0,"id":5596561}]}]}
{"op":"mcm","clk":"7744553690","pt":1539962704969,"mc":[{"id":"1.149786293","rc":[{"ltp":1.02,"id":7795290},{"ltp":70.0,"id":5596561}]}]}
{"op":"mcm","clk":"7744561496","pt":1539962764843,"mc":[{"id":"1.149786293","rc":[{"ltp":60.0,"id":5596561}]}]}
{"op":"mcm","clk":"7744571343","pt":1539962824831,"mc":[{"id":"1.149786293","rc":[{"ltp":1.01,"id":7795290},{"ltp":80.0,"id":5596561}]}]}
{"op":"mcm","clk":"7744596809","pt":1539962885402,"mc":[{"id":"1.149786293","rc":[{"ltp":1.02,"id":7795290},{"ltp":60.0,"id":5596561}]}]}
{"op":"mcm","clk":"7744605518","pt":1539962944462,"mc":[{"id":"1.149786293","rc":[{"ltp":80.0,"id":5596561}]}]}
{"op":"mcm","clk":"7744613592","pt":1539963003371,"mc":[{"id":"1.149786293","rc":[{"ltp":75.0,"id":5596561}]}]}
{"op":"mcm","clk":"7744621929","pt":1539963063419,"mc":[{"id":"1.149786293","rc":[{"ltp":1.03,"id":7795290},{"ltp":48.0,"id":5596561}]}]}
{"op":"mcm","clk":"7744630122","pt":1539963123888,"mc":[{"id":"1.149786293","rc":[{"ltp":1.01,"id":7795290},{"ltp":110.0,"id":5596561}]}]}
{"op":"mcm","clk":"7744638426","pt":1539963185259,"mc":[{"id":"1.149786293","rc":[{"ltp":1.02,"id":7795290},{"ltp":50.0,"id":5596561}]}]}
{"op":"mcm","clk":"7744647542","pt":1539963245366,"mc":[{"id":"1.149786293","rc":[{"ltp":1.04,"id":7795290},{"ltp":34.0,"id":5596561}]}]}
{"op":"mcm","clk":"7744657004","pt":1539963304718,"mc":[{"id":"1.149786293","rc":[{"ltp":1.01,"id":7795290},{"ltp":190.0,"id":5596561}]}]}
{"op":"mcm","clk":"7744666082","pt":1539963365120,"mc":[{"id":"1.149786293","rc":[{"ltp":50.0,"id":5596561}]}]}
{"op":"mcm","clk":"7744674092","pt":1539963419148,"mc":[{"id":"1.149786293","marketDefinition":{"bspMarket":false,"turnInPlayEnabled":true,"persistenceEnabled":true,"marketBaseRate":5.0,"eventId":"28963247","eventTypeId":"2","numberOfWinners":1,"bettingType":"ODDS","marketType":"MATCH_ODDS","marketTime":"2018-10-19T13:51:00.000Z","suspendTime":"2018-10-19T13:51:00.000Z","bspReconciled":false,"complete":true,"inPlay":true,"crossMatching":true,"runnersVoidable":false,"numberOfActiveRunners":2,"betDelay":5,"status":"SUSPENDED","runners":[{"status":"ACTIVE","sortPriority":1,"id":7795290,"name":"Daria Kasatkina"},{"status":"ACTIVE","sortPriority":2,"id":5596561,"name":"Johanna Konta"}],"regulators":["MR_INT"],"countryCode":"RU","discountAllowed":true,"timezone":"UTC","openDate":"2018-10-19T13:51:00.000Z","version":2461776078,"name":"Match Odds","eventName":"Kasatkina v Konta"},"rc":[{"ltp":110.0,"id":5596561}]}]}
{"op":"mcm","clk":"7744678546","pt":1539963450316,"mc":[{"id":"1.149786293","marketDefinition":{"bspMarket":false,"turnInPlayEnabled":true,"persistenceEnabled":true,"marketBaseRate":5.0,"eventId":"28963247","eventTypeId":"2","numberOfWinners":1,"bettingType":"ODDS","marketType":"MATCH_ODDS","marketTime":"2018-10-19T13:51:00.000Z","suspendTime":"2018-10-19T13:51:00.000Z","bspReconciled":false,"complete":true,"inPlay":true,"crossMatching":false,"runnersVoidable":false,"numberOfActiveRunners":0,"betDelay":5,"status":"CLOSED","settledTime":"2018-10-19T15:37:04.000Z","runners":[{"status":"WINNER","sortPriority":1,"id":7795290,"name":"Daria Kasatkina"},{"status":"LOSER","sortPriority":2,"id":5596561,"name":"Johanna Konta"}],"regulators":["MR_INT"],"countryCode":"RU","discountAllowed":true,"timezone":"UTC","openDate":"2018-10-19T13:51:00.000Z","version":2461778226,"name":"Match Odds","eventName":"Kasatkina v Konta"}}]}
