{"op":"mcm","clk":"7638097647","pt":1538669741465,"mc":[{"id":"1.149095557","marketDefinition":{"bspMarket":false,"turnInPlayEnabled":true,"persistenceEnabled":true,"marketBaseRate":5.0,"eventId":"28938828","eventTypeId":"2","numberOfWinners":1,"bettingType":"ODDS","marketType":"MATCH_ODDS","marketTime":"2018-10-05T11:30:00.000Z","suspendTime":"2018-10-05T11:30:00.000Z","bspReconciled":false,"complete":true,"inPlay":false,"crossMatching":true,"runnersVoidable":false,"numberOfActiveRunners":2,"betDelay":0,"status":"OPEN","runners":[{"status":"ACTIVE","sortPriority":1,"id":8257807,"name":"Nikoloz Basilashvili"},{"status":"ACTIVE","sortPriority":2,"id":19924825,"name":"Malek Jaziri"}],"regulators":["MR_INT"],"countryCode":"CN","discountAllowed":true,"timezone":"UTC","openDate":"2018-10-05T11:30:00.000Z","version":2436944272,"name":"Match Odds","eventName":"Basilashvili v Jaziri"}}]}
{"op":"mcm","clk":"7638908956","pt":1538675859663,"mc":[{"id":"1.149095557","rc":[{"ltp":1.63,"id":8257807}]}]}
{"op":"mcm","clk":"7638913250","pt":1538675900896,"mc":[{"id":"1.149095557","rc":[{"ltp":1.64,"id":8257807},{"ltp":2.6,"id":19924825}]}]}
{"op":"mcm","clk":"7638937477","pt":1538676088020,"mc":[{"id":"1.149095557","rc":[{"ltp":1.59,"id":8257807}]}]}
{"op":"mcm","clk":"7639027229","pt":1538676637979,"mc":[{"id":"1.149095557","rc":[{"ltp":1.63,"id":8257807},{"ltp":2.58,"id":19924825}]}]}
{"op":"mcm","clk":"7639744934","pt":1538681380359,"mc":[{"id":"1.149095557","rc":[{"ltp":1.61,"id":8257807}]}]}
{"op":"mcm","clk":"7639761645","pt":1538681514214,"mc":[{"id":"1.149095557","rc":[{"ltp":2.62,"id":19924825}]}]}
{"op":"mcm","clk":"7640020149","pt":1538683317412,"mc":[{"id":"1.149095557","rc":[{"ltp":1.6,"id":8257807}]}]}
{"op":"mcm","clk":"7640342633","pt":1538685734915,"mc":[{"id":"1.149095557","rc":[{"ltp":2.66,"id":19924825}]}]}
{"op":"mcm","clk":"7640454492","pt":1538686886052,"mc":[{"id":"1.149095557","rc":[{"ltp":1.61,"id":8257807}]}]}
{"op":"mcm","clk":"7640522101","pt":1538687668353,"mc":[{"id":"1.149095557","rc":[{"ltp":1.6,"id":8257807}]}]}
{"op":"mcm","clk":"7640672894","pt":1538689421495,"mc":[{"id":"1.149095557","rc":[{"ltp":1.61,"id":8257807}]}]}
{"op":"mcm","clk":"7640676650","pt":1538689475249,"mc":[{"id":"1.149095557","rc":[{"ltp":1.62,"id":8257807},{"ltp":2.6,"id":19924825}]}]}
{"op":"mcm","clk":"7640744438","pt":1538690279009,"mc":[{"id":"1.149095557","rc":[{"ltp":1.63,"id":8257807},{"ltp":2.58,"id":19924825}]}]}
{"op":"mcm","clk":"7641004133","pt":1538693373695,"mc":[{"id":"1.149095557","rc":[{"ltp":1.64,"id":8257807}]}]}
{"op":"mcm","clk":"7641074249","pt":1538694243543,"mc":[{"id":"1.149095557","rc":[{"ltp":2.62,"id":19924825}]}]}
{"op":"mcm","clk":"7641091471","pt":1538694518855,"mc":[{"id":"1.149095557","rc":[{"ltp":1.6,"id":8257807}]}]}
{"op":"mcm","clk":"7641104296","pt":1538694743257,"mc":[{"id":"1.149095557","rc":[{"ltp":1.62,"id":8257807},{"ltp":2.6,"id":19924825}]}]}
{"op":"mcm","clk":"7641160104","pt":1538695394293,"mc":[{"id":"1.149095557","rc":[{"ltp":1.6,"id":8257807}]}]}
{"op":"mcm","clk":"7641309165","pt":1538697210106,"mc":[{"id":"1.149095557","rc":[{"ltp":1.62,"id":8257807}]}]}
{"op":"mcm","clk":"7641398638","pt":1538698200130,"mc":[{"id":"1.149095557","rc":[{"ltp":1.61,"id":8257807}]}]}
{"op":"mcm","clk":"7641546058","pt":1538700041665,"mc":[{"id":"1.149095557","rc":[{"ltp":1.57,"id":8257807},{"ltp":2.74,"id":19924825}]}]}
{"op":"mcm","clk":"7641551202","pt":1538700124880,"mc":[{"id":"1.149095557","rc":[{"ltp":1.58,"id":8257807}]}]}
{"op":"mcm","clk":"7641657459","pt":1538701360184,"mc":[{"id":"1.149095557","rc":[{"ltp":1.57,"id":8257807}]}]}
{"op":"mcm","clk":"7641769918","pt":1538702970253,"mc":[{"id":"1.149095557","rc":[{"ltp":1.61,"id":8257807},{"ltp":2.64,"id":19924825}]}]}
{"op":"mcm","clk":"7641797356","pt":1538703192162,"mc":[{"id":"1.149095557","rc":[{"ltp":1.6,"id":8257807}]}]}
{"op":"mcm","clk":"7642077567","pt":1538706735873,"mc":[{"id":"1.149095557","rc":[{"ltp":1.63,"id":8257807},{"ltp":2.58,"id":19924825}]}]}
{"op":"mcm","clk":"7642155364","pt":1538707718522,"mc":[{"id":"1.149095557","rc":[{"ltp":1.6,"id":8257807}]}]}
{"op":"mcm","clk":"7642777236","pt":1538715821469,"mc":[{"id":"1.149095557","rc":[{"ltp":1.61,"id":8257807},{"ltp":2.62,"id":19924825}]}]}
{"op":"mcm","clk":"7642782817","pt":1538715912656,"mc":[{"id":"1.149095557","rc":[{"ltp":1.62,"id":8257807},{"ltp":2.6,"id":19924825}]}]}
{"op":"mcm","clk":"7642824644","pt":1538716537947,"mc":[{"id":"1.149095557","rc":[{"ltp":1.61,"id":8257807}]}]}
{"op":"mcm","clk":"7642867600","pt":1538716904590,"mc":[{"id":"1.149095557","rc":[{"ltp":1.6,"id":8257807}]}]}
{"op":"mcm","clk":"7642970018","pt":1538718220913,"mc":[{"id":"1.149095557","rc":[{"ltp":1.61,"id":8257807}]}]}
{"op":"mcm","clk":"7642970688","pt":1538718229027,"mc":[{"id":"1.149095557","rc":[{"ltp":1.6,"id":8257807}]}]}
{"op":"mcm","clk":"7643273058","pt":1538721360427,"mc":[{"id":"1.149095557","rc":[{"ltp":1.61,"id":8257807}]}]}
{"op":"mcm","clk":"7643308764","pt":1538721835388,"mc":[{"id":"1.149095557","rc":[{"ltp":1.6,"id":8257807}]}]}
{"op":"mcm","clk":"7643352085","pt":1538722219421,"mc":[{"id":"1.149095557","rc":[{"ltp":1.61,"id":8257807},{"ltp":2.66,"id":19924825}]}]}
{"op":"mcm","clk":"7643361312","pt":1538722335974,"mc":[{"id":"1.149095557","rc":[{"ltp":1.62,"id":8257807}]}]}
{"op":"mcm","clk":"7643375274","pt":1538722520647,"mc":[{"id":"1.149095557","rc":[{"ltp":2.6,"id":19924825}]}]}
{"op":"mcm","clk":"7643432837","pt":1538722996649,"mc":[{"id":"1.149095557","rc":[{"ltp":1.61,"id":8257807}]}]}
{"op":"mcm","clk":"7643809234","pt":1538727154643,"mc":[{"id":"1.149095557","rc":[{"ltp":1.62,"id":8257807}]}]}
{"op":"mcm","clk":"7643882475","pt":1538727918542,"mc":[{"id":"1.149095557","rc":[{"ltp":1.61,"id":8257807}]}]}
{"op":"mcm","clk":"7643888013","pt":1538727984138,"mc":[{"id":"1.149095557","rc":[{"ltp":1.62,"id":8257807}]}]}
{"op":"mcm","clk":"7643912226","pt":1538728268209,"mc":[{"id":"1.149095557","rc":[{"ltp":1.61,"id":8257807}]}]}
{"op":"mcm","clk":"7644049552","pt":1538729474565,"mc":[{"id":"1.149095557","rc":[{"ltp":1.6,"id":8257807}]}]}
{"op":"mcm","clk":"7644061540","pt":1538729616005,"mc":[{"id":"1.149095557","rc":[{"ltp":2.64,"id":19924825}]}]}
{"op":"mcm","clk":"7644219365","pt":1538731052638,"mc":[{"id":"1.149095557","rc":[{"ltp":1.62,"id":8257807},{"ltp":2.62,"id":19924825}]}]}
{"op":"mcm","clk":"7644225929","pt":1538731120726,"mc":[{"id":"1.149095557","rc":[{"ltp":1.61,"id":8257807}]}]}
{"op":"mcm","clk":"7644231021","pt":1538731181500,"mc":[{"id":"1.149095557","rc":[{"ltp":1.63,"id":8257807}]}]}
{"op":"mcm","clk":"7644235816","pt":1538731241080,"mc":[{"id":"1.149095557","rc":[{"ltp":1.61,"id":8257807},{"ltp":2.6,"id":19924825}]}]}
{"op":"mcm","clk":"7644258095","pt":1538731463827,"mc":[{"id":"1.149095557","rc":[{"ltp":1.63,"id":8257807}]}]}
{"op":"mcm","clk":"7644320610","pt":1538731964183,"mc":[{"id":"1.149095557","rc":[{"ltp":2.58,"id":19924825}]}]}
{"op":"mcm","clk":"7644433155","pt":1538732976854,"mc":[{"id":"1.149095557","rc":[{"ltp":1.6,"id":8257807},{"ltp":2.62,"id":19924825}]}]}
{"op":"mcm","clk":"7644454304","pt":1538733215991,"mc":[{"id":"1.149095557","rc":[{"ltp":1.61,"id":8257807}]}]}
{"op":"mcm","clk":"7644464369","pt":1538733322671,"mc":[{"id":"1.149095557","rc":[{"ltp":1.6,"id":8257807}]}]}
{"op":"mcm","clk":"7644472285","pt":1538733398463,"mc":[{"id":"1.149095557","rc":[{"ltp":1.61,"id":8257807}]}]}
{"op":"mcm","clk":"7644478001","pt":1538733459176,"mc":[{"id":"1.149095557","rc":[{"ltp":1.6,"id":8257807},{"ltp":2.68,"id":19924825}]}]}
{"op":"mcm","clk":"7644545344","pt":1538734044479,"mc":[{"id":"1.149095557","rc":[{"ltp":1.59,"id":8257807}]}]}
{"op":"mcm","clk":"7644576775","pt":1538734349922,"mc":[{"id":"1.149095557","rc":[{"ltp":1.6,"id":8257807}]}]}
{"op":"mcm","clk":"7644579969","pt":1538734384752,"mc":[{"id":"1.149095557","rc":[{"ltp":2.66,"id":19924825}]}]}
{"op":"mcm","clk":"7644594034","pt":1538734531466,"mc":[{"id":"1.149095557","rc":[{"ltp":1.59,"id":8257807},{"ltp":2.68,"id":19924825}]}]}
{"op":"mcm","clk":"7644626729","pt":1538734691536,"mc":[{"id":"1.149095557","rc":[{"ltp":1.58,"id":8257807}]}]}
{"op":"mcm","clk":"7644642882","pt":1538734836214,"mc":[{"id":"1.149095557","rc":[{"ltp":1.59,"id":8257807}]}]}
{"op":"mcm","clk":"7644656518","pt":1538734960696,"mc":[{"id":"1.149095557","rc":[{"ltp":1.6,"id":8257807}]}]}
{"op":"mcm","clk":"7644663286","pt":1538735020809,"mc":[{"id":"1.149095557","rc":[{"ltp":2.66,"id":19924825}]}]}
{"op":"mcm","clk":"7644668619","pt":1538735075568,"mc":[{"id":"1.149095557","rc":[{"ltp":1.59,"id":8257807}]}]}
{"op":"mcm","clk":"7644676554","pt":1538735139271,"mc":[{"id":"1.149095557","rc":[{"ltp":1.6,"id":8257807}]}]}
{"op":"mcm","clk":"7644688809","pt":1538735248401,"mc":[{"id":"1.149095557","rc":[{"ltp":1.59,"id":8257807}]}]}
{"op":"mcm","clk":"7644751132","pt":1538735681375,"mc":[{"id":"1.149095557","rc":[{"ltp":2.64,"id":19924825}]}]}
{"op":"mcm","clk":"7644759024","pt":1538735741179,"mc":[{"id":"1.149095557","rc":[{"ltp":1.6,"id":8257807},{"ltp":2.66,"id":19924825}]}]}
{"op":"mcm","clk":"7644774840","pt":1538735861432,"mc":[{"id":"1.149095557","rc":[{"ltp":2.64,"id":19924825}]}]}
{"op":"mcm","clk":"7644781925","pt":1538735920866,"mc":[{"id":"1.149095557","rc":[{"ltp":2.66,"id":19924825}]}]}
{"op":"mcm","clk":"7644801895","pt":1538736090698,"mc":[{"id":"1.149095557","rc":[{"ltp":1.59,"id":8257807},{"ltp":2.7,"id":19924825}]}]}
{"op":"mcm","clk":"7644808202","pt":1538736148498,"mc":[{"id":"1.149095557","rc":[{"ltp":1.58,"id":8257807}]}]}
{"op":"mcm","clk":"7644814622","pt":1538736210434,"mc":[{"id":"1.149095557","rc":[{"ltp":2.72,"id":19924825}]}]}
{"op":"mcm","clk":"7644820356","pt":1538736277636,"mc":[{"id":"1.149095557","rc":[{"ltp":1.57,"id":8257807}]}]}
{"op":"mcm","clk":"7644826296","pt":1538736340644,"mc":[{"id":"1.149095557","rc":[{"ltp":2.7,"id":19924825}]}]}
{"op":"mcm","clk":"7644879260","pt":1538736701541,"mc":[{"id":"1.149095557","rc":[{"ltp":1.59,"id":8257807}]}]}
{"op":"mcm","clk":"7644884127","pt":1538736751659,"mc":[{"id":"1.149095557","rc":[{"ltp":1.57,"id":8257807}]}]}
{"op":"mcm","clk":"7644908619","pt":1538737001715,"mc":[{"id":"1.149095557","rc":[{"ltp":1.59,"id":8257807}]}]}
{"op":"mcm","clk":"7644933224","pt":1538737222091,"mc":[{"id":"1.149095557","rc":[{"ltp":1.57,"id":8257807}]}]}
{"op":"mcm","clk":"7644940849","pt":1538737292343,"mc":[{"id":"1.149095557","rc":[{"ltp":1.59,"id":8257807}]}]}
{"op":"mcm","clk":"7644964191","pt":1538737355616,"mc":[{"id":"1.149095557","rc":[{"ltp":1.6,"id":8257807}]}]}
{"op":"mcm","clk":"7644969248","pt":1538737403339,"mc":[{"id":"1.149095557","rc":[{"ltp":1.59,"id":8257807}]}]}
{"op":"mcm","clk":"7645006509","pt":1538737710728,"mc":[{"id":"1.149095557","rc":[{"ltp":1.58,"id":8257807}]}]}
{"op":"mcm","clk":"7645014254","pt":1538737773778,"mc":[{"id":"1.149095557","rc":[{"ltp":1.59,"id":8257807}]}]}
{"op":"mcm","clk":"7645022597","pt":1538737837897,"mc":[{"id":"1.149095557","rc":[{"ltp":1.58,"id":8257807}]}]}
{"op":"mcm","clk":"7645030169","pt":1538737898086,"mc":[{"id":"1.149095557","rc":[{"ltp":1.59,"id":8257807}]}]}
{"op":"mcm","clk":"7645066743","pt":1538738201206,"mc":[{"id":"1.149095557","rc":[{"ltp":2.68,"id":19924825}]}]}
{"op":"mcm","clk":"7645094669","pt":1538738294388,"mc":[{"id":"1.149095557","rc":[{"ltp":1.58,"id":8257807}]}]}
{"op":"mcm","clk":"7645105018","pt":1538738378826,"mc":[{"id":"1.149095557","marketDefinition":{"bspMarket":false,"turnInPlayEnabled":true,"persistenceEnabled":true,"marketBaseRate":5.0,"eventId":"28938828","eventTypeId":"2","numberOfWinners":1,"bettingType":"ODDS","marketType":"MATCH_ODDS","marketTime":"2018-10-05T11:19:00.000Z","suspendTime":"2018-10-05T11:19:00.000Z","bspReconciled":false,"complete":true,"inPlay":false,"crossMatching":true,"runnersVoidable":false,"numberOfActiveRunners":2,"betDelay":0,"status":"OPEN","runners":[{"status":"ACTIVE","sortPriority":1,"id":8257807,"name":"Nikoloz Basilashvili"},{"status":"ACTIVE","sortPriority":2,"id":19924825,"name":"Malek Jaziri"}],"regulators":["MR_INT"],"countryCode":"CN","discountAllowed":true,"timezone":"UTC","openDate":"2018-10-05T11:19:00.000Z","version":2437776787,"name":"Match Odds","eventName":"Basilashvili v Jaziri"},"rc":[{"ltp":1.59,"id":8257807}]}]}
{"op":"mcm","clk":"7645112979","pt":1538738439660,"mc":[{"id":"1.149095557","rc":[{"ltp":2.7,"id":19924825}]}]}
{"op":"mcm","clk":"7645124059","pt":1538738540177,"mc":[{"id":"1.149095557","rc":[{"ltp":1.6,"id":8257807}]}]}
{"op":"mcm","clk":"7645132578","pt":1538738621024,"mc":[{"id":"1.149095557","rc":[{"ltp":1.59,"id":8257807}]}]}
{"op":"mcm","clk":"7645145067","pt":1538738724068,"mc":[{"id":"1.149095557","rc":[{"ltp":1.6,"id":8257807},{"ltp":2.66,"id":19924825}]}]}
{"op":"mcm","clk":"7645164058","pt":1538738860420,"mc":[{"id":"1.149095557","rc":[{"ltp":1.59,"id":8257807}]}]}
{"op":"mcm","clk":"7645178429","pt":1538738973420,"mc":[{"id":"1.149095557","rc":[{"ltp":1.58,"id":8257807}]}]}
{"op":"mcm","clk":"7645185103","pt":1538739029222,"mc":[{"id":"1.149095557","rc":[{"ltp":1.59,"id":8257807},{"ltp":2.7,"id":19924825}]}]}
{"op":"mcm","clk":"7645191183","pt":1538739081015,"mc":[{"id":"1.149095557","rc":[{"ltp":1.6,"id":8257807}]}]}
{"op":"mcm","clk":"7645215075","pt":1538739159061,"mc":[{"id":"1.149095557","rc":[{"ltp":1.59,"id":8257807}]}]}
{"op":"mcm","clk":"7645222001","pt":1538739221520,"mc":[{"id":"1.149095557","rc":[{"ltp":2.66,"id":19924825}]}]}
{"op":"mcm","clk":"7645235579","pt":1538739338009,"mc":[{"id":"1.149095557","rc":[{"ltp":2.68,"id":19924825}]}]}
{"op":"mcm","clk":"7645242435","pt":1538739396783,"mc":[{"id":"1.149095557","rc":[{"ltp":1.6,"id":8257807}]}]}
{"op":"mcm","clk":"7645249386","pt":1538739459180,"mc":[{"id":"1.149095557","rc":[{"ltp":2.62,"id":19924825}]}]}
{"op":"mcm","clk":"7645263387","pt":1538739581622,"mc":[{"id":"1.149095557","marketDefinition":{"bspMarket":false,"turnInPlayEnabled":true,"persistenceEnabled":true,"marketBaseRate":5.0,"eventId":"28938828","eventTypeId":"2","numberOfWinners":1,"bettingType":"ODDS","marketType":"MATCH_ODDS","marketTime":"2018-10-05T11:19:00.000Z","suspendTime":"2018-10-05T11:19:00.000Z","bspReconciled":false,"complete":true,"inPlay":true,"crossMatching":true,"runnersVoidable":false,"numberOfActiveRunners":2,"betDelay":5,"status":"OPEN","runners":[{"status":"ACTIVE","sortPriority":1,"id":8257807,"name":"Nikoloz Basilashvili"},{"status":"ACTIVE","sortPriority":2,"id":19924825,"name":"Malek Jaziri"}],"regulators":["MR_INT"],"countryCode":"CN","discountAllowed":true,"timezone":"UTC","openDate":"2018-10-05T11:19:00.000Z","version":2437800846,"name":"Match Odds","eventName":"Basilashvili v Jaziri"},"rc":[{"ltp":1.59,"id":8257807}]}]}
{"op":"mcm","clk":"7645269881","pt":1538739641178,"mc":[{"id":"1.149095557","rc":[{"ltp":1.51,"id":8257807},{"ltp":3.0,"id":19924825}]}]}
{"op":"mcm","clk":"7645276667","pt":1538739701335,"mc":[{"id":"1.149095557","rc":[{"ltp":1.49,"id":8257807},{"ltp":2.8,"id":19924825}]}]}
{"op":"mcm","clk":"7645283895","pt":1538739760960,"mc":[{"id":"1.149095557","rc":[{"ltp":1.41,"id":8257807},{"ltp":3.4,"id":19924825}]}]}
{"op":"mcm","clk":"7645291512","pt":1538739821218,"mc":[{"id":"1.149095557","rc":[{"ltp":1.54,"id":8257807},{"ltp":2.8,"id":19924825}]}]}
{"op":"mcm","clk":"7645298712","pt":1538739881721,"mc":[{"id":"1.149095557","rc":[{"ltp":1.66,"id":8257807},{"ltp":2.48,"id":19924825}]}]}
{"op":"mcm","clk":"7645305194","pt":1538739941586,"mc":[{"id":"1.149095557","rc":[{"ltp":1.75,"id":8257807},{"ltp":2.42,"id":19924825}]}]}
{"op":"mcm","clk":"7645310938","pt":1538740001206,"mc":[{"id":"1.149095557","rc":[{"ltp":1.73,"id":8257807}]}]}
{"op":"mcm","clk":"7645332713","pt":1538740061113,"mc":[{"id":"1.149095557","rc":[{"ltp":1.75,"id":8257807},{"ltp":2.08,"id":19924825}]}]}
{"op":"mcm","clk":"7645339020","pt":1538740121722,"mc":[{"id":"1.149095557","rc":[{"ltp":1.66,"id":8257807},{"ltp":2.5,"id":19924825}]}]}
{"op":"mcm","clk":"7645345475","pt":1538740180914,"mc":[{"id":"1.149095557","rc":[{"ltp":1.58,"id":8257807},{"ltp":2.72,"id":19924825}]}]}
{"op":"mcm","clk":"7645352203","pt":1538740241184,"mc":[{"id":"1.149095557","rc":[{"ltp":1.5,"id":8257807},{"ltp":2.96,"id":19924825}]}]}
{"op":"mcm","clk":"7645359186","pt":1538740301074,"mc":[{"id":"1.149095557","rc":[{"ltp":1.63,"id":8257807},{"ltp":2.58,"id":19924825}]}]}
{"op":"mcm","clk":"7645365932","pt":1538740361700,"mc":[{"id":"1.149095557","rc":[{"ltp":1.62,"id":8257807},{"ltp":2.6,"id":19924825}]}]}
{"op":"mcm","clk":"7645373112","pt":1538740421604,"mc":[{"id":"1.149095557","rc":[{"ltp":1.57,"id":8257807}]}]}
{"op":"mcm","clk":"7645379479","pt":1538740481721,"mc":[{"id":"1.149095557","rc":[{"ltp":1.45,"id":8257807},{"ltp":3.2,"id":19924825}]}]}
{"op":"mcm","clk":"7645386241","pt":1538740541541,"mc":[{"id":"1.149095557","rc":[{"ltp":1.34,"id":8257807},{"ltp":3.9,"id":19924825}]}]}
{"op":"mcm","clk":"7645393213","pt":1538740600225,"mc":[{"id":"1.149095557","rc":[{"ltp":1.33,"id":8257807},{"ltp":4.0,"id":19924825}]}]}
{"op":"mcm","clk":"7645401134","pt":1538740661709,"mc":[{"id":"1.149095557","rc":[{"ltp":1.37,"id":8257807},{"ltp":3.7,"id":19924825}]}]}
{"op":"mcm","clk":"7645409139","pt":1538740721731,"mc":[{"id":"1.149095557","rc":[{"ltp":1.4,"id":8257807},{"ltp":3.5,"id":19924825}]}]}
{"op":"mcm","clk":"7645415934","pt":1538740780026,"mc":[{"id":"1.149095557","rc":[{"ltp":1.3,"id":8257807},{"ltp":4.1,"id":19924825}]}]}
{"op":"mcm","clk":"7645422704","pt":1538740841497,"mc":[{"id":"1.149095557","rc":[{"ltp":1.25,"id":8257807},{"ltp":4.7,"id":19924825}]}]}
{"op":"mcm","clk":"7645429509","pt":1538740901739,"mc":[{"id":"1.149095557","rc":[{"ltp":1.24,"id":8257807},{"ltp":5.4,"id":19924825}]}]}
{"op":"mcm","clk":"7645452274","pt":1538740961738,"mc":[{"id":"1.149095557","rc":[{"ltp":1.2,"id":8257807},{"ltp":5.7,"id":19924825}]}]}
{"op":"mcm","clk":"7645459106","pt":1538741021695,"mc":[{"id":"1.149095557","rc":[{"ltp":1.18,"id":8257807},{"ltp":6.8,"id":19924825}]}]}
{"op":"mcm","clk":"7645465922","pt":1538741080192,"mc":[{"id":"1.149095557","rc":[{"ltp":1.17,"id":8257807},{"ltp":6.4,"id":19924825}]}]}
{"op":"mcm","clk":"7645472882","pt":1538741141508,"mc":[{"id":"1.149095557","rc":[{"ltp":1.16,"id":8257807}]}]}
{"op":"mcm","clk":"7645479750","pt":1538741200197,"mc":[{"id":"1.149095557","rc":[{"ltp":1.15,"id":8257807}]}]}
{"op":"mcm","clk":"7645487154","pt":1538741261733,"mc":[{"id":"1.149095557","rc":[{"ltp":7.6,"id":19924825}]}]}
{"op":"mcm","clk":"7645494184","pt":1538741321355,"mc":[{"id":"1.149095557","rc":[{"ltp":1.14,"id":8257807},{"ltp":8.8,"id":19924825}]}]}
{"op":"mcm","clk":"7645500625","pt":1538741380940,"mc":[{"id":"1.149095557","rc":[{"ltp":1.15,"id":8257807},{"ltp":8.0,"id":19924825}]}]}
{"op":"mcm","clk":"7645507715","pt":1538741440922,"mc":[{"id":"1.149095557","rc":[{"ltp":1.16,"id":8257807},{"ltp":7.2,"id":19924825}]}]}
{"op":"mcm","clk":"7645514416","pt":1538741498326,"mc":[{"id":"1.149095557","rc":[{"ltp":1.15,"id":8257807}]}]}
{"op":"mcm","clk":"7645522738","pt":1538741561645,"mc":[{"id":"1.149095557","rc":[{"ltp":1.14,"id":8257807},{"ltp":7.6,"id":19924825}]}]}
{"op":"mcm","clk":"7645530768","pt":1538741621248,"mc":[{"id":"1.149095557","rc":[{"ltp":1.15,"id":8257807},{"ltp":8.0,"id":19924825}]}]}
{"op":"mcm","clk":"7645539915","pt":1538741681725,"mc":[{"id":"1.149095557","rc":[{"ltp":1.14,"id":8257807},{"ltp":7.2,"id":19924825}]}]}
{"op":"mcm","clk":"7645548489","pt":1538741741237,"mc":[{"id":"1.149095557","rc":[{"ltp":8.0,"id":19924825}]}]}
{"op":"mcm","clk":"7645557061","pt":1538741801662,"mc":[{"id":"1.149095557","rc":[{"ltp":1.15,"id":8257807}]}]}
{"op":"mcm","clk":"7645588453","pt":1538741921682,"mc":[{"id":"1.149095557","rc":[{"ltp":7.6,"id":19924825}]}]}
{"op":"mcm","clk":"7645595358","pt":1538741981408,"mc":[{"id":"1.149095557","rc":[{"ltp":1.12,"id":8257807},{"ltp":9.4,"id":19924825}]}]}
{"op":"mcm","clk":"7645602822","pt":1538742040690,"mc":[{"id":"1.149095557","rc":[{"ltp":1.15,"id":8257807},{"ltp":8.6,"id":19924825}]}]}
{"op":"mcm","clk":"7645610414","pt":1538742101493,"mc":[{"id":"1.149095557","rc":[{"ltp":1.13,"id":8257807}]}]}
{"op":"mcm","clk":"7645617728","pt":1538742161258,"mc":[{"id":"1.149095557","rc":[{"ltp":7.2,"id":19924825}]}]}
{"op":"mcm","clk":"7645624973","pt":1538742221666,"mc":[{"id":"1.149095557","rc":[{"ltp":11.0,"id":19924825}]}]}
{"op":"mcm","clk":"7645632186","pt":1538742281627,"mc":[{"id":"1.149095557","rc":[{"ltp":1.09,"id":8257807}]}]}
{"op":"mcm","clk":"7645639611","pt":1538742341643,"mc":[{"id":"1.149095557","rc":[{"ltp":1.05,"id":8257807},{"ltp":21.0,"id":19924825}]}]}
{"op":"mcm","clk":"7645647230","pt":1538742401381,"mc":[{"id":"1.149095557","rc":[{"ltp":18.0,"id":19924825}]}]}
{"op":"mcm","clk":"7645654602","pt":1538742461071,"mc":[{"id":"1.149095557","rc":[{"ltp":23.0,"id":19924825}]}]}
{"op":"mcm","clk":"7645662055","pt":1538742520836,"mc":[{"id":"1.149095557","rc":[{"ltp":1.04,"id":8257807},{"ltp":26.0,"id":19924825}]}]}
{"op":"mcm","clk":"7645669153","pt":1538742581355,"mc":[{"id":"1.149095557","rc":[{"ltp":1.02,"id":8257807},{"ltp":34.0,"id":19924825}]}]}
{"op":"mcm","clk":"7645676300","pt":1538742641386,"mc":[{"id":"1.149095557","rc":[{"ltp":1.01,"id":8257807},{"ltp":90.0,"id":19924825}]}]}
{"op":"mcm","clk":"7645706196","pt":1538742760899,"mc":[{"id":"1.149095557","rc":[{"ltp":110.0,"id":19924825}]}]}
{"op":"mcm","clk":"7645713258","pt":1538742821532,"mc":[{"id":"1.149095557","rc":[{"ltp":190.0,"id":19924825}]}]}
{"op":"mcm","clk":"7645720850","pt":1538742881285,"mc":[{"id":"1.149095557","rc":[{"ltp":210.0,"id":19924825}]}]}
{"op":"mcm","clk":"7645727242","pt":1538742937235,"mc":[{"id":"1.149095557","rc":[{"ltp":110.0,"id":19924825}]}]}
{"op":"mcm","clk":"7645734715","pt":1538743000768,"mc":[{"id":"1.149095557","rc":[{"ltp":130.0,"id":19924825}]}]}
{"op":"mcm","clk":"7645741295","pt":1538743056960,"mc":[{"id":"1.149095557","rc":[{"ltp":120.0,"id":19924825}]}]}
{"op":"mcm","clk":"7645749380","pt":1538743120735,"mc":[{"id":"1.149095557","rc":[{"ltp":1.02,"id":8257807},{"ltp":110.0,"id":19924825}]}]}
{"op":"mcm","clk":"7645762419","pt":1538743241421,"mc":[{"id":"1.149095557","rc":[{"ltp":1.03,"id":8257807},{"ltp":75.0,"id":19924825}]}]}
{"op":"mcm","clk":"7645767670","pt":1538743293257,"mc":[{"id":"1.149095557","rc":[{"ltp":1.01,"id":8257807},{"ltp":190.0,"id":19924825}]}]}
{"op":"mcm","clk":"7645803584","pt":1538743600747,"mc":[{"id":"1.149095557","rc":[{"ltp":280.0,"id":19924825}]}]}
{"op":"mcm","clk":"7645832528","pt":1538743721249,"mc":[{"id":"1.149095557","marketDefinition":{"bspMarket":false,"turnInPlayEnabled":true,"persistenceEnabled":true,"marketBaseRate":5.0,"eventId":"28938828","eventTypeId":"2","numberOfWinners":1,"bettingType":"ODDS","marketType":"MATCH_ODDS","marketTime":"2018-10-05T11:19:00.000Z","suspendTime":"2018-10-05T11:19:00.000Z","bspReconciled":false,"complete":true,"inPlay":true,"crossMatching":true,"runnersVoidable":false,"numberOfActiveRunners":2,"betDelay":5,"status":"SUSPENDED","runners":[{"status":"ACTIVE","sortPriority":1,"id":8257807,"name":"Nikoloz Basilashvili"},{"status":"ACTIVE","sortPriority":2,"id":19924825,"name":"Malek Jaziri"}],"regulators":["MR_INT"],"countryCode":"CN","discountAllowed":true,"timezone":"UTC","openDate":"2018-10-05T11:19:00.000Z","version":2437869209,"name":"Match Odds","eventName":"Basilashvili v Jaziri"}}]}
{"op":"mcm","clk":"7645837618","pt":1538743771477,"mc":[{"id":"1.149095557","marketDefinition":{"bspMarket":false,"turnInPlayEnabled":true,"persistenceEnabled":true,"marketBaseRate":5.0,"eventId":"28938828","eventTypeId":"2","numberOfWinners":1,"bettingType":"ODDS","marketType":"MATCH_ODDS","marketTime":"2018-10-05T11:19:00.000Z","suspendTime":"2018-10-05T11:19:00.000Z","bspReconciled":false,"complete":true,"inPlay":true,"crossMatching":false,"runnersVoidable":false,"numberOfActiveRunners":0,"betDelay":5,"status":"CLOSED","settledTime":"2018-10-05T12:48:44.000Z","runners":[{"status":"WINNER","sortPriority":1,"id":8257807,"name":"Nikoloz Basilashvili"},{"status":"LOSER","sortPriority":2,"id":19924825,"name":"Malek Jaziri"}],"regulators":["MR_INT"],"countryCode":"CN","discountAllowed":true,"timezone":"UTC","openDate":"2018-10-05T11:19:00.000Z","version":2437870069,"name":"Match Odds","eventName":"Basilashvili v Jaziri"}}]}
