{"op":"mcm","clk":"7693321111","pt":1539980083724,"mc":[{"id":"1.149879242","marketDefinition":{"bspMarket":false,"turnInPlayEnabled":true,"persistenceEnabled":true,"marketBaseRate":5.0,"eventId":"28965592","eventTypeId":"2","numberOfWinners":1,"bettingType":"ODDS","marketType":"MATCH_ODDS","marketTime":"2018-10-20T13:00:00.000Z","suspendTime":"2018-10-20T13:00:00.000Z","bspReconciled":false,"complete":true,"inPlay":false,"crossMatching":true,"runnersVoidable":false,"numberOfActiveRunners":2,"betDelay":0,"status":"OPEN","runners":[{"status":"ACTIVE","sortPriority":1,"id":2320751,"name":"Julia Goerges"},{"status":"ACTIVE","sortPriority":2,"id":6390244,"name":"Belinda Bencic"}],"regulators":["MR_INT"],"countryCode":"LU","discountAllowed":true,"timezone":"UTC","openDate":"2018-10-20T13:00:00.000Z","version":2462615950,"name":"Match Odds","eventName":"Goerges v Bencic"}}]}
{"op":"mcm","clk":"7693624937","pt":1539983092290,"mc":[{"id":"1.149879242","rc":[{"ltp":1.62,"id":2320751}]}]}
{"op":"mcm","clk":"7693740917","pt":1539984213843,"mc":[{"id":"1.149879242","rc":[{"ltp":1.58,"id":2320751}]}]}
{"op":"mcm","clk":"7693765140","pt":1539984633709,"mc":[{"id":"1.149879242","rc":[{"ltp":2.72,"id":6390244}]}]}
{"op":"mcm","clk":"7693901076","pt":1539986506559,"mc":[{"id":"1.149879242","rc":[{"ltp":1.46,"id":2320751}]}]}
{"op":"mcm","clk":"7693957392","pt":1539987285566,"mc":[{"id":"1.149879242","rc":[{"ltp":1.57,"id":2320751}]}]}
{"op":"mcm","clk":"7693957725","pt":1539987291652,"mc":[{"id":"1.149879242","rc":[{"ltp":2.74,"id":6390244},{"ltp":1.58,"id":2320751}]}]}
{"op":"mcm","clk":"7693971466","pt":1539987500410,"mc":[{"id":"1.149879242","rc":[{"ltp":3.1,"id":6390244},{"ltp":1.47,"id":2320751}]}]}
{"op":"mcm","clk":"7693975329","pt":1539987558422,"mc":[{"id":"1.149879242","rc":[{"ltp":1.38,"id":2320751}]}]}
{"op":"mcm","clk":"7694006744","pt":1539987765027,"mc":[{"id":"1.149879242","rc":[{"ltp":1.58,"id":2320751}]}]}
{"op":"mcm","clk":"7694030664","pt":1539988122866,"mc":[{"id":"1.149879242","rc":[{"ltp":1.6,"id":2320751}]}]}
{"op":"mcm","clk":"7694037351","pt":1539988220262,"mc":[{"id":"1.149879242","rc":[{"ltp":1.58,"id":2320751}]}]}
{"op":"mcm","clk":"7694125967","pt":1539989433993,"mc":[{"id":"1.149879242","rc":[{"ltp":1.6,"id":2320751}]}]}
{"op":"mcm","clk":"7694158538","pt":1539989717598,"mc":[{"id":"1.149879242","rc":[{"ltp":2.74,"id":6390244},{"ltp":1.58,"id":2320751}]}]}
{"op":"mcm","clk":"7694187772","pt":1539990283842,"mc":[{"id":"1.149879242","rc":[{"ltp":2.7,"id":6390244},{"ltp":1.59,"id":2320751}]}]}
{"op":"mcm","clk":"7694263207","pt":1539991231166,"mc":[{"id":"1.149879242","rc":[{"ltp":2.74,"id":6390244},{"ltp":1.58,"id":2320751}]}]}
{"op":"mcm","clk":"7694307991","pt":1539991544761,"mc":[{"id":"1.149879242","rc":[{"ltp":2.76,"id":6390244}]}]}
{"op":"mcm","clk":"7694314792","pt":1539991654381,"mc":[{"id":"1.149879242","rc":[{"ltp":2.7,"id":6390244}]}]}
{"op":"mcm","clk":"7694327032","pt":1539991842366,"mc":[{"id":"1.149879242","rc":[{"ltp":2.74,"id":6390244}]}]}
{"op":"mcm","clk":"7694331272","pt":1539991907516,"mc":[{"id":"1.149879242","rc":[{"ltp":2.7,"id":6390244}]}]}
{"op":"mcm","clk":"7694335273","pt":1539991967595,"mc":[{"id":"1.149879242","rc":[{"ltp":2.74,"id":6390244}]}]}
{"op":"mcm","clk":"7694339996","pt":1539992007527,"mc":[{"id":"1.149879242","rc":[{"ltp":1.59,"id":2320751}]}]}
{"op":"mcm","clk":"7694376059","pt":1539992243108,"mc":[{"id":"1.149879242","rc":[{"ltp":2.64,"id":6390244}]}]}
{"op":"mcm","clk":"7694418592","pt":1539992884369,"mc":[{"id":"1.149879242","rc":[{"ltp":1.58,"id":2320751}]}]}
{"op":"mcm","clk":"7694427532","pt":1539993020802,"mc":[{"id":"1.149879242","rc":[{"ltp":1.59,"id":2320751}]}]}
{"op":"mcm","clk":"7694535672","pt":1539994122149,"mc":[{"id":"1.149879242","rc":[{"ltp":2.7,"id":6390244}]}]}
{"op":"mcm","clk":"7694592430","pt":1539994847493,"mc":[{"id":"1.149879242","rc":[{"ltp":2.74,"id":6390244},{"ltp":1.58,"id":2320751}]}]}
{"op":"mcm","clk":"7694727505","pt":1539996006709,"mc":[{"id":"1.149879242","rc":[{"ltp":2.68,"id":6390244}]}]}
{"op":"mcm","clk":"7694751547","pt":1539996332379,"mc":[{"id":"1.149879242","rc":[{"ltp":1.59,"id":2320751}]}]}
{"op":"mcm","clk":"7694762425","pt":1539996490188,"mc":[{"id":"1.149879242","rc":[{"ltp":1.56,"id":2320751}]}]}
{"op":"mcm","clk":"7694778314","pt":1539996701577,"mc":[{"id":"1.149879242","rc":[{"ltp":2.8,"id":6390244}]}]}
{"op":"mcm","clk":"7694838488","pt":1539997269997,"mc":[{"id":"1.149879242","rc":[{"ltp":2.82,"id":6390244}]}]}
{"op":"mcm","clk":"7695023538","pt":1539998807540,"mc":[{"id":"1.149879242","rc":[{"ltp":2.72,"id":6390244},{"ltp":1.58,"id":2320751}]}]}
{"op":"mcm","clk":"7695064955","pt":1539999207180,"mc":[{"id":"1.149879242","rc":[{"ltp":1.55,"id":2320751}]}]}
{"op":"mcm","clk":"7695243006","pt":1540000780667,"mc":[{"id":"1.149879242","rc":[{"ltp":1.54,"id":2320751}]}]}
{"op":"mcm","clk":"7695366555","pt":1540002094719,"mc":[{"id":"1.149879242","rc":[{"ltp":1.57,"id":2320751}]}]}
{"op":"mcm","clk":"7695390845","pt":1540002201931,"mc":[{"id":"1.149879242","rc":[{"ltp":1.54,"id":2320751}]}]}
{"op":"mcm","clk":"7695419373","pt":1540002680751,"mc":[{"id":"1.149879242","rc":[{"ltp":1.57,"id":2320751}]}]}
{"op":"mcm","clk":"7695439842","pt":1540003004541,"mc":[{"id":"1.149879242","rc":[{"ltp":2.76,"id":6390244}]}]}
{"op":"mcm","clk":"7695461426","pt":1540003070394,"mc":[{"id":"1.149879242","rc":[{"ltp":1.54,"id":2320751}]}]}
{"op":"mcm","clk":"7695495591","pt":1540003536028,"mc":[{"id":"1.149879242","rc":[{"ltp":1.58,"id":2320751}]}]}
{"op":"mcm","clk":"7695499965","pt":1540003604309,"mc":[{"id":"1.149879242","rc":[{"ltp":1.54,"id":2320751}]}]}
{"op":"mcm","clk":"7695637338","pt":1540005522039,"mc":[{"id":"1.149879242","rc":[{"ltp":2.84,"id":6390244}]}]}
{"op":"mcm","clk":"7695644649","pt":1540005641122,"mc":[{"id":"1.149879242","rc":[{"ltp":1.58,"id":2320751}]}]}
{"op":"mcm","clk":"7695668788","pt":1540005749331,"mc":[{"id":"1.149879242","rc":[{"ltp":1.53,"id":2320751}]}]}
{"op":"mcm","clk":"7695764821","pt":1540007268357,"mc":[{"id":"1.149879242","rc":[{"ltp":2.72,"id":6390244}]}]}
{"op":"mcm","clk":"7695803883","pt":1540007596895,"mc":[{"id":"1.149879242","rc":[{"ltp":1.54,"id":2320751}]}]}
{"op":"mcm","clk":"7695885246","pt":1540008519710,"mc":[{"id":"1.149879242","rc":[{"ltp":2.82,"id":6390244},{"ltp":1.55,"id":2320751}]}]}
{"op":"mcm","clk":"7695905192","pt":1540008858732,"mc":[{"id":"1.149879242","rc":[{"ltp":1.54,"id":2320751}]}]}
{"op":"mcm","clk":"7695953826","pt":1540009412892,"mc":[{"id":"1.149879242","rc":[{"ltp":1.53,"id":2320751}]}]}
{"op":"mcm","clk":"7696051937","pt":1540010502714,"mc":[{"id":"1.149879242","rc":[{"ltp":1.57,"id":2320751}]}]}
{"op":"mcm","clk":"7696064272","pt":1540010686834,"mc":[{"id":"1.149879242","rc":[{"ltp":1.54,"id":2320751}]}]}
{"op":"mcm","clk":"7696264071","pt":1540012844663,"mc":[{"id":"1.149879242","rc":[{"ltp":1.55,"id":2320751}]}]}
{"op":"mcm","clk":"7696325129","pt":1540013363253,"mc":[{"id":"1.149879242","rc":[{"ltp":1.56,"id":2320751}]}]}
{"op":"mcm","clk":"7696336760","pt":1540013496699,"mc":[{"id":"1.149879242","rc":[{"ltp":1.54,"id":2320751}]}]}
{"op":"mcm","clk":"7696412426","pt":1540014104970,"mc":[{"id":"1.149879242","rc":[{"ltp":1.55,"id":2320751}]}]}
{"op":"mcm","clk":"7696416032","pt":1540014162707,"mc":[{"id":"1.149879242","rc":[{"ltp":1.54,"id":2320751}]}]}
{"op":"mcm","clk":"7696767438","pt":1540017323543,"mc":[{"id":"1.149879242","rc":[{"ltp":1.53,"id":2320751}]}]}
{"op":"mcm","clk":"7696798745","pt":1540017465650,"mc":[{"id":"1.149879242","rc":[{"ltp":1.55,"id":2320751}]}]}
{"op":"mcm","clk":"7696864476","pt":1540018156490,"mc":[{"id":"1.149879242","rc":[{"ltp":1.54,"id":2320751}]}]}
{"op":"mcm","clk":"7696940934","pt":1540018890662,"mc":[{"id":"1.149879242","rc":[{"ltp":2.8,"id":6390244}]}]}
{"op":"mcm","clk":"7697144636","pt":1540020764427,"mc":[{"id":"1.149879242","rc":[{"ltp":2.84,"id":6390244}]}]}
{"op":"mcm","clk":"7697162974","pt":1540020959973,"mc":[{"id":"1.149879242","rc":[{"ltp":2.86,"id":6390244}]}]}
{"op":"mcm","clk":"7697205732","pt":1540021233053,"mc":[{"id":"1.149879242","rc":[{"ltp":2.8,"id":6390244},{"ltp":1.56,"id":2320751}]}]}
{"op":"mcm","clk":"7697361282","pt":1540022501537,"mc":[{"id":"1.149879242","rc":[{"ltp":1.54,"id":2320751}]}]}
{"op":"mcm","clk":"7697376262","pt":1540022627584,"mc":[{"id":"1.149879242","rc":[{"ltp":1.57,"id":2320751}]}]}
{"op":"mcm","clk":"7697381974","pt":1540022678295,"mc":[{"id":"1.149879242","rc":[{"ltp":2.72,"id":6390244}]}]}
{"op":"mcm","clk":"7697392312","pt":1540022776754,"mc":[{"id":"1.149879242","rc":[{"ltp":1.55,"id":2320751}]}]}
{"op":"mcm","clk":"7697481250","pt":1540023373587,"mc":[{"id":"1.149879242","rc":[{"ltp":1.57,"id":2320751}]}]}
{"op":"mcm","clk":"7697643442","pt":1540024417393,"mc":[{"id":"1.149879242","rc":[{"ltp":2.76,"id":6390244}]}]}
{"op":"mcm","clk":"7697651779","pt":1540024479043,"mc":[{"id":"1.149879242","rc":[{"ltp":1.56,"id":2320751}]}]}
{"op":"mcm","clk":"7697717631","pt":1540024834813,"mc":[{"id":"1.149879242","rc":[{"ltp":1.58,"id":2320751}]}]}
{"op":"mcm","clk":"7697739057","pt":1540024991841,"mc":[{"id":"1.149879242","rc":[{"ltp":1.56,"id":2320751}]}]}
{"op":"mcm","clk":"7697746818","pt":1540025045948,"mc":[{"id":"1.149879242","rc":[{"ltp":1.58,"id":2320751}]}]}
{"op":"mcm","clk":"7697796362","pt":1540025319767,"mc":[{"id":"1.149879242","rc":[{"ltp":2.78,"id":6390244},{"ltp":1.56,"id":2320751}]}]}
{"op":"mcm","clk":"7697808807","pt":1540025406987,"mc":[{"id":"1.149879242","rc":[{"ltp":2.72,"id":6390244},{"ltp":1.58,"id":2320751}]}]}
{"op":"mcm","clk":"7698380440","pt":1540028501787,"mc":[{"id":"1.149879242","rc":[{"ltp":2.74,"id":6390244},{"ltp":1.57,"id":2320751}]}]}
{"op":"mcm","clk":"7698410097","pt":1540028681208,"mc":[{"id":"1.149879242","rc":[{"ltp":2.72,"id":6390244}]}]}
{"op":"mcm","clk":"7698506896","pt":1540029226199,"mc":[{"id":"1.149879242","rc":[{"ltp":2.74,"id":6390244},{"ltp":1.56,"id":2320751}]}]}
{"op":"mcm","clk":"7698515767","pt":1540029287676,"mc":[{"id":"1.149879242","rc":[{"ltp":1.57,"id":2320751}]}]}
{"op":"mcm","clk":"7698520735","pt":1540029318749,"mc":[{"id":"1.149879242","rc":[{"ltp":1.56,"id":2320751}]}]}
{"op":"mcm","clk":"7698563183","pt":1540029571178,"mc":[{"id":"1.149879242","rc":[{"ltp":1.58,"id":2320751}]}]}
{"op":"mcm","clk":"7698587790","pt":1540029698993,"mc":[{"id":"1.149879242","rc":[{"ltp":1.57,"id":2320751}]}]}
{"op":"mcm","clk":"7698823759","pt":1540030834308,"mc":[{"id":"1.149879242","rc":[{"ltp":1.58,"id":2320751}]}]}
{"op":"mcm","clk":"7698916500","pt":1540031255487,"mc":[{"id":"1.149879242","rc":[{"ltp":1.57,"id":2320751}]}]}
{"op":"mcm","clk":"7699079626","pt":1540032092327,"mc":[{"id":"1.149879242","rc":[{"ltp":1.58,"id":2320751}]}]}
{"op":"mcm","clk":"7699173952","pt":1540032654599,"mc":[{"id":"1.149879242","rc":[{"ltp":1.57,"id":2320751}]}]}
{"op":"mcm","clk":"7699233746","pt":1540032913719,"mc":[{"id":"1.149879242","rc":[{"ltp":1.58,"id":2320751}]}]}
{"op":"mcm","clk":"7699336746","pt":1540033427586,"mc":[{"id":"1.149879242","rc":[{"ltp":2.72,"id":6390244},{"ltp":1.57,"id":2320751}]}]}
{"op":"mcm","clk":"7699347306","pt":1540033476835,"mc":[{"id":"1.149879242","rc":[{"ltp":2.74,"id":6390244}]}]}
{"op":"mcm","clk":"7699403239","pt":1540033663484,"mc":[{"id":"1.149879242","rc":[{"ltp":2.76,"id":6390244}]}]}
{"op":"mcm","clk":"7699447559","pt":1540033897829,"mc":[{"id":"1.149879242","rc":[{"ltp":1.58,"id":2320751}]}]}
{"op":"mcm","clk":"7699456827","pt":1540033945210,"mc":[{"id":"1.149879242","rc":[{"ltp":1.57,"id":2320751}]}]}
{"op":"mcm","clk":"7699511628","pt":1540034236433,"mc":[{"id":"1.149879242","rc":[{"ltp":1.56,"id":2320751}]}]}
{"op":"mcm","clk":"7699651491","pt":1540034863384,"mc":[{"id":"1.149879242","rc":[{"ltp":1.57,"id":2320751}]}]}
{"op":"mcm","clk":"7699824917","pt":1540035569266,"mc":[{"id":"1.149879242","rc":[{"ltp":2.72,"id":6390244},{"ltp":1.58,"id":2320751}]}]}
{"op":"mcm","clk":"7700026644","pt":1540036541955,"mc":[{"id":"1.149879242","rc":[{"ltp":2.74,"id":6390244}]}]}
{"op":"mcm","clk":"7700047933","pt":1540036666167,"mc":[{"id":"1.149879242","rc":[{"ltp":2.72,"id":6390244}]}]}
{"op":"mcm","clk":"7700059837","pt":1540036725832,"mc":[{"id":"1.149879242","rc":[{"ltp":1.59,"id":2320751}]}]}
{"op":"mcm","clk":"7700146722","pt":1540037139536,"mc":[{"id":"1.149879242","rc":[{"ltp":2.66,"id":6390244}]}]}
{"op":"mcm","clk":"7700316413","pt":1540037747334,"mc":[{"id":"1.149879242","rc":[{"ltp":1.6,"id":2320751}]}]}
{"op":"mcm","clk":"7700327722","pt":1540037797164,"mc":[{"id":"1.149879242","rc":[{"ltp":1.61,"id":2320751}]}]}
{"op":"mcm","clk":"7700343310","pt":1540037867513,"mc":[{"id":"1.149879242","rc":[{"ltp":1.6,"id":2320751}]}]}
{"op":"mcm","clk":"7700370464","pt":1540037984250,"mc":[{"id":"1.149879242","rc":[{"ltp":2.64,"id":6390244},{"ltp":1.61,"id":2320751}]}]}
{"op":"mcm","clk":"7700431446","pt":1540038166631,"mc":[{"id":"1.149879242","rc":[{"ltp":2.62,"id":6390244},{"ltp":1.6,"id":2320751}]}]}
{"op":"mcm","clk":"7700458726","pt":1540038286259,"mc":[{"id":"1.149879242","rc":[{"ltp":2.66,"id":6390244}]}]}
{"op":"mcm","clk":"7700485811","pt":1540038405818,"mc":[{"id":"1.149879242","rc":[{"ltp":2.68,"id":6390244},{"ltp":1.59,"id":2320751}]}]}
{"op":"mcm","clk":"7700512111","pt":1540038526525,"mc":[{"id":"1.149879242","rc":[{"ltp":2.7,"id":6390244}]}]}
{"op":"mcm","clk":"7700526284","pt":1540038587335,"mc":[{"id":"1.149879242","rc":[{"ltp":1.6,"id":2320751}]}]}
{"op":"mcm","clk":"7700539808","pt":1540038644016,"mc":[{"id":"1.149879242","rc":[{"ltp":2.66,"id":6390244},{"ltp":1.59,"id":2320751}]}]}
{"op":"mcm","clk":"7700553859","pt":1540038706031,"mc":[{"id":"1.149879242","rc":[{"ltp":2.68,"id":6390244},{"ltp":1.58,"id":2320751}]}]}
{"op":"mcm","clk":"7700581881","pt":1540038826776,"mc":[{"id":"1.149879242","rc":[{"ltp":1.59,"id":2320751}]}]}
{"op":"mcm","clk":"7700591103","pt":1540038867776,"mc":[{"id":"1.149879242","rc":[{"ltp":1.58,"id":2320751}]}]}
{"op":"mcm","clk":"7700625741","pt":1540039003196,"mc":[{"id":"1.149879242","rc":[{"ltp":2.7,"id":6390244}]}]}
{"op":"mcm","clk":"7700658742","pt":1540039066654,"mc":[{"id":"1.149879242","rc":[{"ltp":2.68,"id":6390244},{"ltp":1.59,"id":2320751}]}]}
{"op":"mcm","clk":"7700672312","pt":1540039122160,"mc":[{"id":"1.149879242","rc":[{"ltp":1.6,"id":2320751}]}]}
{"op":"mcm","clk":"7700678945","pt":1540039150054,"mc":[{"id":"1.149879242","rc":[{"ltp":1.58,"id":2320751}]}]}
{"op":"mcm","clk":"7700701085","pt":1540039243368,"mc":[{"id":"1.149879242","rc":[{"ltp":1.59,"id":2320751}]}]}
{"op":"mcm","clk":"7700708556","pt":1540039275705,"mc":[{"id":"1.149879242","rc":[{"ltp":1.58,"id":2320751}]}]}
{"op":"mcm","clk":"7700788033","pt":1540039599832,"mc":[{"id":"1.149879242","rc":[{"ltp":2.7,"id":6390244}]}]}
{"op":"mcm","clk":"7700798633","pt":1540039653569,"mc":[{"id":"1.149879242","rc":[{"ltp":1.59,"id":2320751}]}]}
{"op":"mcm","clk":"7700812861","pt":1540039727581,"mc":[{"id":"1.149879242","rc":[{"ltp":1.58,"id":2320751}]}]}
{"op":"mcm","clk":"7700845344","pt":1540039906278,"mc":[{"id":"1.149879242","rc":[{"ltp":1.59,"id":2320751}]}]}
{"op":"mcm","clk":"7700882906","pt":1540040024857,"mc":[{"id":"1.149879242","marketDefinition":{"bspMarket":false,"turnInPlayEnabled":true,"persistenceEnabled":true,"marketBaseRate":5.0,"eventId":"28965592","eventTypeId":"2","numberOfWinners":1,"bettingType":"ODDS","marketType":"MATCH_ODDS","marketTime":"2018-10-20T12:48:00.000Z","suspendTime":"2018-10-20T12:48:00.000Z","bspReconciled":false,"complete":true,"inPlay":false,"crossMatching":true,"runnersVoidable":false,"numberOfActiveRunners":2,"betDelay":0,"status":"OPEN","runners":[{"status":"ACTIVE","sortPriority":1,"id":2320751,"name":"Julia Goerges"},{"status":"ACTIVE","sortPriority":2,"id":6390244,"name":"Belinda Bencic"}],"regulators":["MR_INT"],"countryCode":"LU","discountAllowed":true,"timezone":"UTC","openDate":"2018-10-20T12:48:00.000Z","version":2464026736,"name":"Match Odds","eventName":"Goerges v Bencic"},"rc":[{"ltp":1.6,"id":2320751}]}]}
{"op":"mcm","clk":"7700893105","pt":1540040082220,"mc":[{"id":"1.149879242","rc":[{"ltp":2.68,"id":6390244}]}]}
{"op":"mcm","clk":"7700906290","pt":1540040147439,"mc":[{"id":"1.149879242","rc":[{"ltp":2.7,"id":6390244},{"ltp":1.59,"id":2320751}]}]}
{"op":"mcm","clk":"7700915393","pt":1540040199500,"mc":[{"id":"1.149879242","rc":[{"ltp":2.68,"id":6390244}]}]}
{"op":"mcm","clk":"7700952015","pt":1540040384647,"mc":[{"id":"1.149879242","rc":[{"ltp":2.66,"id":6390244},{"ltp":1.6,"id":2320751}]}]}
{"op":"mcm","clk":"7700977299","pt":1540040497895,"mc":[{"id":"1.149879242","rc":[{"ltp":2.7,"id":6390244},{"ltp":1.59,"id":2320751}]}]}
{"op":"mcm","clk":"7701005812","pt":1540040627108,"mc":[{"id":"1.149879242","rc":[{"ltp":2.68,"id":6390244}]}]}
{"op":"mcm","clk":"7701032530","pt":1540040747593,"mc":[{"id":"1.149879242","rc":[{"ltp":2.66,"id":6390244},{"ltp":1.6,"id":2320751}]}]}
{"op":"mcm","clk":"7701045876","pt":1540040805385,"mc":[{"id":"1.149879242","rc":[{"ltp":1.59,"id":2320751}]}]}
{"op":"mcm","clk":"7701078168","pt":1540040866704,"mc":[{"id":"1.149879242","rc":[{"ltp":2.68,"id":6390244}]}]}
{"op":"mcm","clk":"7701092806","pt":1540040926947,"mc":[{"id":"1.149879242","marketDefinition":{"bspMarket":false,"turnInPlayEnabled":true,"persistenceEnabled":true,"marketBaseRate":5.0,"eventId":"28965592","eventTypeId":"2","numberOfWinners":1,"bettingType":"ODDS","marketType":"MATCH_ODDS","marketTime":"2018-10-20T12:48:00.000Z","suspendTime":"2018-10-20T12:48:00.000Z","bspReconciled":false,"complete":true,"inPlay":true,"crossMatching":true,"runnersVoidable":false,"numberOfActiveRunners":2,"betDelay":5,"status":"OPEN","runners":[{"status":"ACTIVE","sortPriority":1,"id":2320751,"name":"Julia Goerges"},{"status":"ACTIVE","sortPriority":2,"id":6390244,"name":"Belinda Bencic"}],"regulators":["MR_INT"],"countryCode":"LU","discountAllowed":true,"timezone":"UTC","openDate":"2018-10-20T12:48:00.000Z","version":2464102285,"name":"Match Odds","eventName":"Goerges v Bencic"},"rc":[{"ltp":2.5,"id":6390244},{"ltp":1.63,"id":2320751}]}]}
{"op":"mcm","clk":"7701107037","pt":1540040987538,"mc":[{"id":"1.149879242","rc":[{"ltp":2.38,"id":6390244},{"ltp":1.72,"id":2320751}]}]}
{"op":"mcm","clk":"7701121165","pt":1540041047464,"mc":[{"id":"1.149879242","rc":[{"ltp":2.18,"id":6390244},{"ltp":1.84,"id":2320751}]}]}
{"op":"mcm","clk":"7701134945","pt":1540041107614,"mc":[{"id":"1.149879242","rc":[{"ltp":2.48,"id":6390244},{"ltp":1.68,"id":2320751}]}]}
{"op":"mcm","clk":"7701150574","pt":1540041166946,"mc":[{"id":"1.149879242","rc":[{"ltp":2.66,"id":6390244},{"ltp":1.6,"id":2320751}]}]}
{"op":"mcm","clk":"7701165163","pt":1540041226917,"mc":[{"id":"1.149879242","rc":[{"ltp":2.68,"id":6390244}]}]}
{"op":"mcm","clk":"7701180973","pt":1540041287635,"mc":[{"id":"1.149879242","rc":[{"ltp":2.6,"id":6390244},{"ltp":1.61,"id":2320751}]}]}
{"op":"mcm","clk":"7701195597","pt":1540041347226,"mc":[{"id":"1.149879242","rc":[{"ltp":2.48,"id":6390244},{"ltp":1.7,"id":2320751}]}]}
{"op":"mcm","clk":"7701209127","pt":1540041407624,"mc":[{"id":"1.149879242","rc":[{"ltp":2.42,"id":6390244},{"ltp":1.71,"id":2320751}]}]}
{"op":"mcm","clk":"7701221819","pt":1540041467276,"mc":[{"id":"1.149879242","rc":[{"ltp":2.3,"id":6390244},{"ltp":1.75,"id":2320751}]}]}
{"op":"mcm","clk":"7701233796","pt":1540041526763,"mc":[{"id":"1.149879242","rc":[{"ltp":1.76,"id":2320751}]}]}
{"op":"mcm","clk":"7701246403","pt":1540041587306,"mc":[{"id":"1.149879242","rc":[{"ltp":2.44,"id":6390244},{"ltp":1.69,"id":2320751}]}]}
{"op":"mcm","clk":"7701259041","pt":1540041647683,"mc":[{"id":"1.149879242","rc":[{"ltp":2.68,"id":6390244},{"ltp":1.61,"id":2320751}]}]}
{"op":"mcm","clk":"7701271148","pt":1540041707362,"mc":[{"id":"1.149879242","rc":[{"ltp":2.78,"id":6390244},{"ltp":1.57,"id":2320751}]}]}
{"op":"mcm","clk":"7701301170","pt":1540041767017,"mc":[{"id":"1.149879242","rc":[{"ltp":2.62,"id":6390244},{"ltp":1.62,"id":2320751}]}]}
{"op":"mcm","clk":"7701314480","pt":1540041827629,"mc":[{"id":"1.149879242","rc":[{"ltp":2.8,"id":6390244},{"ltp":1.53,"id":2320751}]}]}
{"op":"mcm","clk":"7701327596","pt":1540041887466,"mc":[{"id":"1.149879242","rc":[{"ltp":4.2,"id":6390244},{"ltp":1.32,"id":2320751}]}]}
{"op":"mcm","clk":"7701340462","pt":1540041946830,"mc":[{"id":"1.149879242","rc":[{"ltp":1.31,"id":2320751}]}]}
{"op":"mcm","clk":"7701352718","pt":1540042007191,"mc":[{"id":"1.149879242","rc":[{"ltp":4.5,"id":6390244},{"ltp":1.28,"id":2320751}]}]}
{"op":"mcm","clk":"7701364910","pt":1540042067419,"mc":[{"id":"1.149879242","rc":[{"ltp":4.2,"id":6390244},{"ltp":1.29,"id":2320751}]}]}
{"op":"mcm","clk":"7701377947","pt":1540042127502,"mc":[{"id":"1.149879242","rc":[{"ltp":1.26,"id":2320751}]}]}
{"op":"mcm","clk":"7701391861","pt":1540042187611,"mc":[{"id":"1.149879242","rc":[{"ltp":4.8,"id":6390244}]}]}
{"op":"mcm","clk":"7701406081","pt":1540042247275,"mc":[{"id":"1.149879242","rc":[{"ltp":4.4,"id":6390244},{"ltp":1.29,"id":2320751}]}]}
{"op":"mcm","clk":"7701420641","pt":1540042307614,"mc":[{"id":"1.149879242","rc":[{"ltp":4.5,"id":6390244},{"ltp":1.31,"id":2320751}]}]}
{"op":"mcm","clk":"7701434343","pt":1540042367621,"mc":[{"id":"1.149879242","rc":[{"ltp":1.25,"id":2320751}]}]}
{"op":"mcm","clk":"7701448830","pt":1540042427493,"mc":[{"id":"1.149879242","rc":[{"ltp":4.4,"id":6390244},{"ltp":1.3,"id":2320751}]}]}
{"op":"mcm","clk":"7701478175","pt":1540042547181,"mc":[{"id":"1.149879242","rc":[{"ltp":4.6,"id":6390244},{"ltp":1.27,"id":2320751}]}]}
{"op":"mcm","clk":"7701493517","pt":1540042606211,"mc":[{"id":"1.149879242","rc":[{"ltp":5.4,"id":6390244},{"ltp":1.24,"id":2320751}]}]}
{"op":"mcm","clk":"7701526224","pt":1540042667523,"mc":[{"id":"1.149879242","rc":[{"ltp":5.2,"id":6390244}]}]}
{"op":"mcm","clk":"7701555899","pt":1540042787297,"mc":[{"id":"1.149879242","rc":[{"ltp":5.0,"id":6390244},{"ltp":1.25,"id":2320751}]}]}
{"op":"mcm","clk":"7701569765","pt":1540042847633,"mc":[{"id":"1.149879242","rc":[{"ltp":4.9,"id":6390244},{"ltp":1.26,"id":2320751}]}]}
{"op":"mcm","clk":"7701583836","pt":1540042907597,"mc":[{"id":"1.149879242","rc":[{"ltp":4.7,"id":6390244},{"ltp":1.27,"id":2320751}]}]}
{"op":"mcm","clk":"7701596774","pt":1540042966510,"mc":[{"id":"1.149879242","rc":[{"ltp":4.8,"id":6390244}]}]}
{"op":"mcm","clk":"7701610295","pt":1540043027257,"mc":[{"id":"1.149879242","rc":[{"ltp":4.4,"id":6390244},{"ltp":1.25,"id":2320751}]}]}
{"op":"mcm","clk":"7701624431","pt":1540043087626,"mc":[{"id":"1.149879242","rc":[{"ltp":6.2,"id":6390244},{"ltp":1.19,"id":2320751}]}]}
{"op":"mcm","clk":"7701638835","pt":1540043147057,"mc":[{"id":"1.149879242","rc":[{"ltp":6.0,"id":6390244},{"ltp":1.2,"id":2320751}]}]}
{"op":"mcm","clk":"7701652724","pt":1540043207655,"mc":[{"id":"1.149879242","rc":[{"ltp":6.2,"id":6390244}]}]}
{"op":"mcm","clk":"7701665714","pt":1540043267112,"mc":[{"id":"1.149879242","rc":[{"ltp":5.7,"id":6390244},{"ltp":1.22,"id":2320751}]}]}
{"op":"mcm","clk":"7701678824","pt":1540043327490,"mc":[{"id":"1.149879242","rc":[{"ltp":7.8,"id":6390244},{"ltp":1.15,"id":2320751}]}]}
{"op":"mcm","clk":"7701691753","pt":1540043387093,"mc":[{"id":"1.149879242","rc":[{"ltp":8.0,"id":6390244},{"ltp":1.13,"id":2320751}]}]}
{"op":"mcm","clk":"7701705294","pt":1540043447099,"mc":[{"id":"1.149879242","rc":[{"ltp":5.7,"id":6390244},{"ltp":1.2,"id":2320751}]}]}
{"op":"mcm","clk":"7701718174","pt":1540043507568,"mc":[{"id":"1.149879242","rc":[{"ltp":5.5,"id":6390244},{"ltp":1.22,"id":2320751}]}]}
{"op":"mcm","clk":"7701748324","pt":1540043566142,"mc":[{"id":"1.149879242","rc":[{"ltp":5.2,"id":6390244},{"ltp":1.19,"id":2320751}]}]}
{"op":"mcm","clk":"7701764411","pt":1540043627654,"mc":[{"id":"1.149879242","rc":[{"ltp":6.4,"id":6390244},{"ltp":1.17,"id":2320751}]}]}
{"op":"mcm","clk":"7701778218","pt":1540043687389,"mc":[{"id":"1.149879242","rc":[{"ltp":6.0,"id":6390244},{"ltp":1.22,"id":2320751}]}]}
{"op":"mcm","clk":"7701792739","pt":1540043747116,"mc":[{"id":"1.149879242","rc":[{"ltp":1.21,"id":2320751}]}]}
{"op":"mcm","clk":"7701808297","pt":1540043806289,"mc":[{"id":"1.149879242","rc":[{"ltp":5.3,"id":6390244},{"ltp":1.23,"id":2320751}]}]}
{"op":"mcm","clk":"7701820919","pt":1540043866741,"mc":[{"id":"1.149879242","rc":[{"ltp":5.1,"id":6390244}]}]}
{"op":"mcm","clk":"7701833444","pt":1540043926538,"mc":[{"id":"1.149879242","rc":[{"ltp":5.5,"id":6390244}]}]}
{"op":"mcm","clk":"7701848605","pt":1540043987681,"mc":[{"id":"1.149879242","rc":[{"ltp":5.0,"id":6390244},{"ltp":1.25,"id":2320751}]}]}
{"op":"mcm","clk":"7701864265","pt":1540044047430,"mc":[{"id":"1.149879242","rc":[{"ltp":5.5,"id":6390244},{"ltp":1.23,"id":2320751}]}]}
{"op":"mcm","clk":"7701880076","pt":1540044107495,"mc":[{"id":"1.149879242","rc":[{"ltp":6.0,"id":6390244},{"ltp":1.18,"id":2320751}]}]}
{"op":"mcm","clk":"7701897341","pt":1540044167411,"mc":[{"id":"1.149879242","rc":[{"ltp":6.4,"id":6390244}]}]}
{"op":"mcm","clk":"7701914376","pt":1540044227567,"mc":[{"id":"1.149879242","rc":[{"ltp":5.3,"id":6390244},{"ltp":1.22,"id":2320751}]}]}
{"op":"mcm","clk":"7701930621","pt":1540044286864,"mc":[{"id":"1.149879242","rc":[{"ltp":5.2,"id":6390244},{"ltp":1.24,"id":2320751}]}]}
{"op":"mcm","clk":"7701965891","pt":1540044407613,"mc":[{"id":"1.149879242","rc":[{"ltp":6.0,"id":6390244},{"ltp":1.2,"id":2320751}]}]}
{"op":"mcm","clk":"7701999867","pt":1540044467006,"mc":[{"id":"1.149879242","rc":[{"ltp":6.6,"id":6390244},{"ltp":1.19,"id":2320751}]}]}
{"op":"mcm","clk":"7702018301","pt":1540044527521,"mc":[{"id":"1.149879242","rc":[{"ltp":6.2,"id":6390244}]}]}
{"op":"mcm","clk":"7702037337","pt":1540044586718,"mc":[{"id":"1.149879242","rc":[{"ltp":6.4,"id":6390244},{"ltp":1.2,"id":2320751}]}]}
{"op":"mcm","clk":"7702054609","pt":1540044647529,"mc":[{"id":"1.149879242","rc":[{"ltp":6.0,"id":6390244}]}]}
{"op":"mcm","clk":"7702071272","pt":1540044707508,"mc":[{"id":"1.149879242","rc":[{"ltp":5.1,"id":6390244},{"ltp":1.25,"id":2320751}]}]}
{"op":"mcm","clk":"7702088395","pt":1540044767477,"mc":[{"id":"1.149879242","rc":[{"ltp":5.0,"id":6390244},{"ltp":1.24,"id":2320751}]}]}
{"op":"mcm","clk":"7702105953","pt":1540044827603,"mc":[{"id":"1.149879242","rc":[{"ltp":4.8,"id":6390244},{"ltp":1.26,"id":2320751}]}]}
{"op":"mcm","clk":"7702123899","pt":1540044887093,"mc":[{"id":"1.149879242","rc":[{"ltp":5.2,"id":6390244},{"ltp":1.23,"id":2320751}]}]}
{"op":"mcm","clk":"7702141811","pt":1540044947672,"mc":[{"id":"1.149879242","rc":[{"ltp":6.0,"id":6390244},{"ltp":1.2,"id":2320751}]}]}
{"op":"mcm","clk":"7702159997","pt":1540045007355,"mc":[{"id":"1.149879242","rc":[{"ltp":5.4,"id":6390244},{"ltp":1.23,"id":2320751}]}]}
{"op":"mcm","clk":"7702178287","pt":1540045067592,"mc":[{"id":"1.149879242","rc":[{"ltp":5.8,"id":6390244},{"ltp":1.24,"id":2320751}]}]}
{"op":"mcm","clk":"7702197014","pt":1540045126281,"mc":[{"id":"1.149879242","rc":[{"ltp":4.5,"id":6390244},{"ltp":1.28,"id":2320751}]}]}
{"op":"mcm","clk":"7702215772","pt":1540045187565,"mc":[{"id":"1.149879242","rc":[{"ltp":4.1,"id":6390244},{"ltp":1.3,"id":2320751}]}]}
{"op":"mcm","clk":"7702233634","pt":1540045247296,"mc":[{"id":"1.149879242","rc":[{"ltp":1.31,"id":2320751}]}]}
{"op":"mcm","clk":"7702251193","pt":1540045307630,"mc":[{"id":"1.149879242","rc":[{"ltp":4.7,"id":6390244},{"ltp":1.24,"id":2320751}]}]}
{"op":"mcm","clk":"7702285474","pt":1540045367612,"mc":[{"id":"1.149879242","rc":[{"ltp":5.8,"id":6390244},{"ltp":1.22,"id":2320751}]}]}
{"op":"mcm","clk":"7702303127","pt":1540045427571,"mc":[{"id":"1.149879242","rc":[{"ltp":1.21,"id":2320751}]}]}
{"op":"mcm","clk":"7702320445","pt":1540045487525,"mc":[{"id":"1.149879242","rc":[{"ltp":6.0,"id":6390244},{"ltp":1.19,"id":2320751}]}]}
{"op":"mcm","clk":"7702338505","pt":1540045547526,"mc":[{"id":"1.149879242","rc":[{"ltp":9.0,"id":6390244},{"ltp":1.12,"id":2320751}]}]}
{"op":"mcm","clk":"7702356665","pt":1540045607313,"mc":[{"id":"1.149879242","rc":[{"ltp":5.0,"id":6390244},{"ltp":1.25,"id":2320751}]}]}
{"op":"mcm","clk":"7702394335","pt":1540045727546,"mc":[{"id":"1.149879242","rc":[{"ltp":8.8,"id":6390244},{"ltp":1.12,"id":2320751}]}]}
{"op":"mcm","clk":"7702412326","pt":1540045787532,"mc":[{"id":"1.149879242","rc":[{"ltp":6.0,"id":6390244},{"ltp":1.25,"id":2320751}]}]}
{"op":"mcm","clk":"7702431082","pt":1540045847097,"mc":[{"id":"1.149879242","rc":[{"ltp":5.7,"id":6390244},{"ltp":1.19,"id":2320751}]}]}
{"op":"mcm","clk":"7702449983","pt":1540045907610,"mc":[{"id":"1.149879242","rc":[{"ltp":26.0,"id":6390244},{"ltp":1.04,"id":2320751}]}]}
{"op":"mcm","clk":"7702468424","pt":1540045967550,"mc":[{"id":"1.149879242","rc":[{"ltp":27.0,"id":6390244}]}]}
{"op":"mcm","clk":"7702486351","pt":1540046027117,"mc":[{"id":"1.149879242","rc":[{"ltp":26.0,"id":6390244},{"ltp":1.02,"id":2320751}]}]}
{"op":"mcm","clk":"7702504734","pt":1540046086995,"mc":[{"id":"1.149879242","rc":[{"ltp":100.0,"id":6390244},{"ltp":1.01,"id":2320751}]}]}
{"op":"mcm","clk":"7702523132","pt":1540046146528,"mc":[{"id":"1.149879242","marketDefinition":{"bspMarket":false,"turnInPlayEnabled":true,"persistenceEnabled":true,"marketBaseRate":5.0,"eventId":"28965592","eventTypeId":"2","numberOfWinners":1,"bettingType":"ODDS","marketType":"MATCH_ODDS","marketTime":"2018-10-20T12:48:00.000Z","suspendTime":"2018-10-20T12:48:00.000Z","bspReconciled":false,"complete":true,"inPlay":true,"crossMatching":true,"runnersVoidable":false,"numberOfActiveRunners":2,"betDelay":5,"status":"SUSPENDED","runners":[{"status":"ACTIVE","sortPriority":1,"id":2320751,"name":"Julia Goerges"},{"status":"ACTIVE","sortPriority":2,"id":6390244,"name":"Belinda Bencic"}],"regulators":["MR_INT"],"countryCode":"LU","discountAllowed":true,"timezone":"UTC","openDate":"2018-10-20T12:48:00.000Z","version":2464597129,"name":"Match Odds","eventName":"Goerges v Bencic"}}]}
{"op":"mcm","clk":"7702574218","pt":1540046259408,"mc":[{"id":"1.149879242","marketDefinition":{"bspMarket":false,"turnInPlayEnabled":true,"persistenceEnabled":true,"marketBaseRate":5.0,"eventId":"28965592","eventTypeId":"2","numberOfWinners":1,"bettingType":"ODDS","marketType":"MATCH_ODDS","marketTime":"2018-10-20T12:48:00.000Z","suspendTime":"2018-10-20T12:48:00.000Z","bspReconciled":false,"complete":true,"inPlay":true,"crossMatching":false,"runnersVoidable":false,"numberOfActiveRunners":0,"betDelay":5,"status":"CLOSED","settledTime":"2018-10-20T14:36:27.000Z","runners":[{"status":"WINNER","sortPriority":1,"id":2320751,"name":"Julia Goerges"},{"status":"LOSER","sortPriority":2,"id":6390244,"name":"Belinda Bencic"}],"regulators":["MR_INT"],"countryCode":"LU","discountAllowed":true,"timezone":"UTC","openDate":"2018-10-20T12:48:00.000Z","version":2464604758,"name":"Match Odds","eventName":"Goerges v Bencic"}}]}
