{"op":"mcm","clk":"7759382528","pt":1539974687057,"mc":[{"id":"1.149875226","marketDefinition":{"bspMarket":false,"turnInPlayEnabled":true,"persistenceEnabled":true,"marketBaseRate":5.0,"eventId":"28965336","eventTypeId":"2","numberOfWinners":1,"bettingType":"ODDS","marketType":"MATCH_ODDS","marketTime":"2018-10-20T13:00:00.000Z","suspendTime":"2018-10-20T13:00:00.000Z","bspReconciled":false,"complete":true,"inPlay":false,"crossMatching":true,"runnersVoidable":false,"numberOfActiveRunners":2,"betDelay":0,"status":"OPEN","runners":[{"status":"ACTIVE","sortPriority":1,"id":2257300,"name":"Gael Monfils"},{"status":"ACTIVE","sortPriority":2,"id":8736474,"name":"Diego Schwartzman"}],"regulators":["MR_INT"],"countryCode":"BE","discountAllowed":true,"timezone":"UTC","openDate":"2018-10-20T13:00:00.000Z","version":2462293448,"name":"Match Odds","eventName":"Monfils v Schwartzman"}}]}
{"op":"mcm","clk":"7761154111","pt":1539988011260,"mc":[{"id":"1.149875226","rc":[{"ltp":2.32,"id":8736474},{"ltp":1.75,"id":2257300}]}]}
{"op":"mcm","clk":"7761159164","pt":1539988065407,"mc":[{"id":"1.149875226","rc":[{"ltp":2.28,"id":8736474},{"ltp":1.78,"id":2257300}]}]}
{"op":"mcm","clk":"7761163812","pt":1539988119927,"mc":[{"id":"1.149875226","rc":[{"ltp":2.26,"id":8736474},{"ltp":1.79,"id":2257300}]}]}
{"op":"mcm","clk":"7761170458","pt":1539988192354,"mc":[{"id":"1.149875226","rc":[{"ltp":2.24,"id":8736474}]}]}
{"op":"mcm","clk":"7761175126","pt":1539988253763,"mc":[{"id":"1.149875226","rc":[{"ltp":2.22,"id":8736474}]}]}
{"op":"mcm","clk":"7761214849","pt":1539988490255,"mc":[{"id":"1.149875226","rc":[{"ltp":2.2,"id":8736474}]}]}
{"op":"mcm","clk":"7762381637","pt":1539998562960,"mc":[{"id":"1.149875226","rc":[{"ltp":1.81,"id":2257300}]}]}
{"op":"mcm","clk":"7762522397","pt":1539999637758,"mc":[{"id":"1.149875226","rc":[{"ltp":2.22,"id":8736474},{"ltp":1.82,"id":2257300}]}]}
{"op":"mcm","clk":"7762721639","pt":1540001189136,"mc":[{"id":"1.149875226","rc":[{"ltp":2.24,"id":8736474},{"ltp":1.81,"id":2257300}]}]}
{"op":"mcm","clk":"7762927185","pt":1540002840273,"mc":[{"id":"1.149875226","rc":[{"ltp":1.8,"id":2257300}]}]}
{"op":"mcm","clk":"7763559491","pt":1540008579046,"mc":[{"id":"1.149875226","rc":[{"ltp":2.22,"id":8736474}]}]}
{"op":"mcm","clk":"7764252528","pt":1540013870299,"mc":[{"id":"1.149875226","rc":[{"ltp":1.81,"id":2257300}]}]}
{"op":"mcm","clk":"7764586621","pt":1540016332956,"mc":[{"id":"1.149875226","rc":[{"ltp":2.24,"id":8736474},{"ltp":1.8,"id":2257300}]}]}
{"op":"mcm","clk":"7764620186","pt":1540016634672,"mc":[{"id":"1.149875226","rc":[{"ltp":2.22,"id":8736474}]}]}
{"op":"mcm","clk":"7764625479","pt":1540016683405,"mc":[{"id":"1.149875226","rc":[{"ltp":1.81,"id":2257300}]}]}
{"op":"mcm","clk":"7764759036","pt":1540017497080,"mc":[{"id":"1.149875226","rc":[{"ltp":1.8,"id":2257300}]}]}
{"op":"mcm","clk":"7764777569","pt":1540017638155,"mc":[{"id":"1.149875226","rc":[{"ltp":2.24,"id":8736474}]}]}
{"op":"mcm","clk":"7764782121","pt":1540017667014,"mc":[{"id":"1.149875226","rc":[{"ltp":2.26,"id":8736474}]}]}
{"op":"mcm","clk":"7764871075","pt":1540018292931,"mc":[{"id":"1.149875226","rc":[{"ltp":1.81,"id":2257300}]}]}
{"op":"mcm","clk":"7764924099","pt":1540018850666,"mc":[{"id":"1.149875226","rc":[{"ltp":2.22,"id":8736474}]}]}
{"op":"mcm","clk":"7764985453","pt":1540019213299,"mc":[{"id":"1.149875226","rc":[{"ltp":1.77,"id":2257300}]}]}
{"op":"mcm","clk":"7764989728","pt":1540019252340,"mc":[{"id":"1.149875226","rc":[{"ltp":1.81,"id":2257300}]}]}
{"op":"mcm","clk":"7765005890","pt":1540019382912,"mc":[{"id":"1.149875226","rc":[{"ltp":2.32,"id":8736474},{"ltp":1.76,"id":2257300}]}]}
{"op":"mcm","clk":"7765052569","pt":1540019748843,"mc":[{"id":"1.149875226","rc":[{"ltp":1.75,"id":2257300}]}]}
{"op":"mcm","clk":"7765062283","pt":1540019822776,"mc":[{"id":"1.149875226","rc":[{"ltp":2.3,"id":8736474},{"ltp":1.76,"id":2257300}]}]}
{"op":"mcm","clk":"7765175684","pt":1540020706807,"mc":[{"id":"1.149875226","rc":[{"ltp":2.32,"id":8736474}]}]}
{"op":"mcm","clk":"7765228065","pt":1540021009128,"mc":[{"id":"1.149875226","rc":[{"ltp":2.38,"id":8736474},{"ltp":1.72,"id":2257300}]}]}
{"op":"mcm","clk":"7765261607","pt":1540021313114,"mc":[{"id":"1.149875226","rc":[{"ltp":1.71,"id":2257300}]}]}
{"op":"mcm","clk":"7765289821","pt":1540021538813,"mc":[{"id":"1.149875226","rc":[{"ltp":1.69,"id":2257300}]}]}
{"op":"mcm","clk":"7765481086","pt":1540022814744,"mc":[{"id":"1.149875226","rc":[{"ltp":1.71,"id":2257300}]}]}
{"op":"mcm","clk":"7765586235","pt":1540023486594,"mc":[{"id":"1.149875226","rc":[{"ltp":1.74,"id":2257300}]}]}
{"op":"mcm","clk":"7765619149","pt":1540023746960,"mc":[{"id":"1.149875226","rc":[{"ltp":1.71,"id":2257300}]}]}
{"op":"mcm","clk":"7765717927","pt":1540024384609,"mc":[{"id":"1.149875226","rc":[{"ltp":1.7,"id":2257300}]}]}
{"op":"mcm","clk":"7765786872","pt":1540024876760,"mc":[{"id":"1.149875226","rc":[{"ltp":2.36,"id":8736474}]}]}
{"op":"mcm","clk":"7765860447","pt":1540025274017,"mc":[{"id":"1.149875226","rc":[{"ltp":1.73,"id":2257300}]}]}
{"op":"mcm","clk":"7766200030","pt":1540027295478,"mc":[{"id":"1.149875226","rc":[{"ltp":1.74,"id":2257300}]}]}
{"op":"mcm","clk":"7766300358","pt":1540027909383,"mc":[{"id":"1.149875226","rc":[{"ltp":2.38,"id":8736474}]}]}
{"op":"mcm","clk":"7766329802","pt":1540027973390,"mc":[{"id":"1.149875226","rc":[{"ltp":2.36,"id":8736474}]}]}
{"op":"mcm","clk":"7766338965","pt":1540028029119,"mc":[{"id":"1.149875226","rc":[{"ltp":2.38,"id":8736474}]}]}
{"op":"mcm","clk":"7766379613","pt":1540028259928,"mc":[{"id":"1.149875226","rc":[{"ltp":1.72,"id":2257300}]}]}
{"op":"mcm","clk":"7766488475","pt":1540028834725,"mc":[{"id":"1.149875226","rc":[{"ltp":1.73,"id":2257300}]}]}
{"op":"mcm","clk":"7766550074","pt":1540029281383,"mc":[{"id":"1.149875226","rc":[{"ltp":1.71,"id":2257300}]}]}
{"op":"mcm","clk":"7766687007","pt":1540029977467,"mc":[{"id":"1.149875226","rc":[{"ltp":1.72,"id":2257300}]}]}
{"op":"mcm","clk":"7766767082","pt":1540030406900,"mc":[{"id":"1.149875226","rc":[{"ltp":1.71,"id":2257300}]}]}
{"op":"mcm","clk":"7766793393","pt":1540030554214,"mc":[{"id":"1.149875226","rc":[{"ltp":1.7,"id":2257300}]}]}
{"op":"mcm","clk":"7767056246","pt":1540031773508,"mc":[{"id":"1.149875226","rc":[{"ltp":1.72,"id":2257300}]}]}
{"op":"mcm","clk":"7767072879","pt":1540031870525,"mc":[{"id":"1.149875226","rc":[{"ltp":1.7,"id":2257300}]}]}
{"op":"mcm","clk":"7767083767","pt":1540031933944,"mc":[{"id":"1.149875226","rc":[{"ltp":2.42,"id":8736474}]}]}
{"op":"mcm","clk":"7767120406","pt":1540032155038,"mc":[{"id":"1.149875226","rc":[{"ltp":1.69,"id":2257300}]}]}
{"op":"mcm","clk":"7767262621","pt":1540032894026,"mc":[{"id":"1.149875226","rc":[{"ltp":1.71,"id":2257300}]}]}
{"op":"mcm","clk":"7767465633","pt":1540033841067,"mc":[{"id":"1.149875226","rc":[{"ltp":1.72,"id":2257300}]}]}
{"op":"mcm","clk":"7767573981","pt":1540034256122,"mc":[{"id":"1.149875226","rc":[{"ltp":1.7,"id":2257300}]}]}
{"op":"mcm","clk":"7767759582","pt":1540035114390,"mc":[{"id":"1.149875226","rc":[{"ltp":1.69,"id":2257300}]}]}
{"op":"mcm","clk":"7767840753","pt":1540035413785,"mc":[{"id":"1.149875226","rc":[{"ltp":2.5,"id":8736474},{"ltp":1.65,"id":2257300}]}]}
{"op":"mcm","clk":"7767853531","pt":1540035473722,"mc":[{"id":"1.149875226","rc":[{"ltp":2.54,"id":8736474},{"ltp":1.66,"id":2257300}]}]}
{"op":"mcm","clk":"7767878017","pt":1540035593448,"mc":[{"id":"1.149875226","rc":[{"ltp":1.65,"id":2257300}]}]}
{"op":"mcm","clk":"7767903017","pt":1540035709952,"mc":[{"id":"1.149875226","rc":[{"ltp":2.56,"id":8736474},{"ltp":1.64,"id":2257300}]}]}
{"op":"mcm","clk":"7767930472","pt":1540035831607,"mc":[{"id":"1.149875226","rc":[{"ltp":1.63,"id":2257300}]}]}
{"op":"mcm","clk":"7767943679","pt":1540035891694,"mc":[{"id":"1.149875226","rc":[{"ltp":2.5,"id":8736474},{"ltp":1.64,"id":2257300}]}]}
{"op":"mcm","clk":"7767954659","pt":1540035945700,"mc":[{"id":"1.149875226","rc":[{"ltp":2.6,"id":8736474}]}]}
{"op":"mcm","clk":"7767996997","pt":1540036068737,"mc":[{"id":"1.149875226","rc":[{"ltp":1.67,"id":2257300}]}]}
{"op":"mcm","clk":"7768025717","pt":1540036252895,"mc":[{"id":"1.149875226","rc":[{"ltp":2.52,"id":8736474},{"ltp":1.66,"id":2257300}]}]}
{"op":"mcm","clk":"7768032019","pt":1540036296821,"mc":[{"id":"1.149875226","rc":[{"ltp":2.58,"id":8736474}]}]}
{"op":"mcm","clk":"7768049533","pt":1540036412851,"mc":[{"id":"1.149875226","rc":[{"ltp":2.54,"id":8736474}]}]}
{"op":"mcm","clk":"7768106314","pt":1540036794323,"mc":[{"id":"1.149875226","rc":[{"ltp":2.48,"id":8736474},{"ltp":1.67,"id":2257300}]}]}
{"op":"mcm","clk":"7768158914","pt":1540036965597,"mc":[{"id":"1.149875226","rc":[{"ltp":1.7,"id":2257300}]}]}
{"op":"mcm","clk":"7768279335","pt":1540037510993,"mc":[{"id":"1.149875226","rc":[{"ltp":1.67,"id":2257300}]}]}
{"op":"mcm","clk":"7768285986","pt":1540037540457,"mc":[{"id":"1.149875226","rc":[{"ltp":2.42,"id":8736474},{"ltp":1.69,"id":2257300}]}]}
{"op":"mcm","clk":"7768307334","pt":1540037632178,"mc":[{"id":"1.149875226","rc":[{"ltp":2.48,"id":8736474},{"ltp":1.68,"id":2257300}]}]}
{"op":"mcm","clk":"7768321935","pt":1540037694056,"mc":[{"id":"1.149875226","rc":[{"ltp":2.42,"id":8736474}]}]}
{"op":"mcm","clk":"7768347530","pt":1540037803584,"mc":[{"id":"1.149875226","rc":[{"ltp":1.69,"id":2257300}]}]}
{"op":"mcm","clk":"7768382496","pt":1540037874259,"mc":[{"id":"1.149875226","rc":[{"ltp":2.4,"id":8736474},{"ltp":1.68,"id":2257300}]}]}
{"op":"mcm","clk":"7768405859","pt":1540037980899,"mc":[{"id":"1.149875226","rc":[{"ltp":1.71,"id":2257300}]}]}
{"op":"mcm","clk":"7768423209","pt":1540038049180,"mc":[{"id":"1.149875226","rc":[{"ltp":1.7,"id":2257300}]}]}
{"op":"mcm","clk":"7768465176","pt":1540038232324,"mc":[{"id":"1.149875226","rc":[{"ltp":2.48,"id":8736474},{"ltp":1.69,"id":2257300}]}]}
{"op":"mcm","clk":"7768479169","pt":1540038293646,"mc":[{"id":"1.149875226","rc":[{"ltp":1.7,"id":2257300}]}]}
{"op":"mcm","clk":"7768559075","pt":1540038654557,"mc":[{"id":"1.149875226","rc":[{"ltp":2.4,"id":8736474}]}]}
{"op":"mcm","clk":"7768572927","pt":1540038714729,"mc":[{"id":"1.149875226","rc":[{"ltp":2.46,"id":8736474},{"ltp":1.69,"id":2257300}]}]}
{"op":"mcm","clk":"7768602680","pt":1540038760064,"mc":[{"id":"1.149875226","rc":[{"ltp":2.42,"id":8736474},{"ltp":1.68,"id":2257300}]}]}
{"op":"mcm","clk":"7768616576","pt":1540038815026,"mc":[{"id":"1.149875226","rc":[{"ltp":1.7,"id":2257300}]}]}
{"op":"mcm","clk":"7768635733","pt":1540038889585,"mc":[{"id":"1.149875226","rc":[{"ltp":2.48,"id":8736474},{"ltp":1.68,"id":2257300}]}]}
{"op":"mcm","clk":"7768651472","pt":1540038954191,"mc":[{"id":"1.149875226","rc":[{"ltp":1.67,"id":2257300}]}]}
{"op":"mcm","clk":"7768698147","pt":1540039125868,"mc":[{"id":"1.149875226","rc":[{"ltp":2.54,"id":8736474},{"ltp":1.66,"id":2257300}]}]}
{"op":"mcm","clk":"7768715703","pt":1540039193585,"mc":[{"id":"1.149875226","rc":[{"ltp":2.5,"id":8736474}]}]}
{"op":"mcm","clk":"7768728518","pt":1540039242430,"mc":[{"id":"1.149875226","rc":[{"ltp":1.67,"id":2257300}]}]}
{"op":"mcm","clk":"7768760870","pt":1540039371262,"mc":[{"id":"1.149875226","rc":[{"ltp":2.46,"id":8736474}]}]}
{"op":"mcm","clk":"7768808309","pt":1540039554727,"mc":[{"id":"1.149875226","rc":[{"ltp":1.69,"id":2257300}]}]}
{"op":"mcm","clk":"7768817865","pt":1540039598107,"mc":[{"id":"1.149875226","rc":[{"ltp":1.67,"id":2257300}]}]}
{"op":"mcm","clk":"7768851548","pt":1540039670497,"mc":[{"id":"1.149875226","rc":[{"ltp":2.44,"id":8736474},{"ltp":1.68,"id":2257300}]}]}
{"op":"mcm","clk":"7768864259","pt":1540039732811,"mc":[{"id":"1.149875226","marketDefinition":{"bspMarket":false,"turnInPlayEnabled":true,"persistenceEnabled":true,"marketBaseRate":5.0,"eventId":"28965336","eventTypeId":"2","numberOfWinners":1,"bettingType":"ODDS","marketType":"MATCH_ODDS","marketTime":"2018-10-20T12:45:00.000Z","suspendTime":"2018-10-20T12:45:00.000Z","bspReconciled":false,"complete":true,"inPlay":false,"crossMatching":true,"runnersVoidable":false,"numberOfActiveRunners":2,"betDelay":0,"status":"OPEN","runners":[{"status":"ACTIVE","sortPriority":1,"id":2257300,"name":"Gael Monfils"},{"status":"ACTIVE","sortPriority":2,"id":8736474,"name":"Diego Schwartzman"}],"regulators":["MR_INT"],"countryCode":"BE","discountAllowed":true,"timezone":"UTC","openDate":"2018-10-20T12:45:00.000Z","version":2464004353,"name":"Match Odds","eventName":"Monfils v Schwartzman"},"rc":[{"ltp":1.67,"id":2257300}]}]}
{"op":"mcm","clk":"7768875708","pt":1540039794462,"mc":[{"id":"1.149875226","rc":[{"ltp":1.69,"id":2257300}]}]}
{"op":"mcm","clk":"7768886215","pt":1540039853738,"mc":[{"id":"1.149875226","rc":[{"ltp":1.68,"id":2257300}]}]}
{"op":"mcm","clk":"7768895876","pt":1540039908486,"mc":[{"id":"1.149875226","rc":[{"ltp":1.66,"id":2257300}]}]}
{"op":"mcm","clk":"7768905719","pt":1540039967341,"mc":[{"id":"1.149875226","rc":[{"ltp":2.5,"id":8736474}]}]}
{"op":"mcm","clk":"7768917430","pt":1540040033080,"mc":[{"id":"1.149875226","rc":[{"ltp":1.67,"id":2257300}]}]}
{"op":"mcm","clk":"7768927841","pt":1540040094175,"mc":[{"id":"1.149875226","rc":[{"ltp":1.66,"id":2257300}]}]}
{"op":"mcm","clk":"7768935483","pt":1540040141463,"mc":[{"id":"1.149875226","rc":[{"ltp":2.48,"id":8736474},{"ltp":1.67,"id":2257300}]}]}
{"op":"mcm","clk":"7768955687","pt":1540040273646,"mc":[{"id":"1.149875226","rc":[{"ltp":2.46,"id":8736474},{"ltp":1.68,"id":2257300}]}]}
{"op":"mcm","clk":"7768978132","pt":1540040393735,"mc":[{"id":"1.149875226","rc":[{"ltp":2.44,"id":8736474},{"ltp":1.69,"id":2257300}]}]}
{"op":"mcm","clk":"7768989797","pt":1540040451788,"mc":[{"id":"1.149875226","rc":[{"ltp":2.48,"id":8736474},{"ltp":1.66,"id":2257300}]}]}
{"op":"mcm","clk":"7769035320","pt":1540040573225,"mc":[{"id":"1.149875226","rc":[{"ltp":1.67,"id":2257300}]}]}
{"op":"mcm","clk":"7769048128","pt":1540040633816,"mc":[{"id":"1.149875226","rc":[{"ltp":1.68,"id":2257300}]}]}
{"op":"mcm","clk":"7769060629","pt":1540040691205,"mc":[{"id":"1.149875226","rc":[{"ltp":2.44,"id":8736474}]}]}
{"op":"mcm","clk":"7769101142","pt":1540040870318,"mc":[{"id":"1.149875226","rc":[{"ltp":1.69,"id":2257300}]}]}
{"op":"mcm","clk":"7769116076","pt":1540040934502,"mc":[{"id":"1.149875226","rc":[{"ltp":2.4,"id":8736474},{"ltp":1.66,"id":2257300}]}]}
{"op":"mcm","clk":"7769121924","pt":1540040959094,"mc":[{"id":"1.149875226","rc":[{"ltp":2.42,"id":8736474},{"ltp":1.71,"id":2257300}]}]}
{"op":"mcm","clk":"7769143613","pt":1540041054391,"mc":[{"id":"1.149875226","rc":[{"ltp":1.67,"id":2257300}]}]}
{"op":"mcm","clk":"7769156747","pt":1540041112867,"mc":[{"id":"1.149875226","rc":[{"ltp":1.66,"id":2257300}]}]}
{"op":"mcm","clk":"7769170763","pt":1540041170516,"mc":[{"id":"1.149875226","rc":[{"ltp":1.67,"id":2257300}]}]}
{"op":"mcm","clk":"7769186906","pt":1540041234689,"mc":[{"id":"1.149875226","marketDefinition":{"bspMarket":false,"turnInPlayEnabled":true,"persistenceEnabled":true,"marketBaseRate":5.0,"eventId":"28965336","eventTypeId":"2","numberOfWinners":1,"bettingType":"ODDS","marketType":"MATCH_ODDS","marketTime":"2018-10-20T12:45:00.000Z","suspendTime":"2018-10-20T12:45:00.000Z","bspReconciled":false,"complete":true,"inPlay":true,"crossMatching":true,"runnersVoidable":false,"numberOfActiveRunners":2,"betDelay":5,"status":"OPEN","runners":[{"status":"ACTIVE","sortPriority":1,"id":2257300,"name":"Gael Monfils"},{"status":"ACTIVE","sortPriority":2,"id":8736474,"name":"Diego Schwartzman"}],"regulators":["MR_INT"],"countryCode":"BE","discountAllowed":true,"timezone":"UTC","openDate":"2018-10-20T12:45:00.000Z","version":2464117145,"name":"Match Odds","eventName":"Monfils v Schwartzman"},"rc":[{"ltp":1.63,"id":2257300}]}]}
{"op":"mcm","clk":"7769202713","pt":1540041294107,"mc":[{"id":"1.149875226","rc":[{"ltp":2.88,"id":8736474},{"ltp":1.54,"id":2257300}]}]}
{"op":"mcm","clk":"7769217938","pt":1540041354031,"mc":[{"id":"1.149875226","rc":[{"ltp":1.49,"id":2257300}]}]}
{"op":"mcm","clk":"7769231711","pt":1540041414459,"mc":[{"id":"1.149875226","rc":[{"ltp":3.25,"id":8736474},{"ltp":1.47,"id":2257300}]}]}
{"op":"mcm","clk":"7769263722","pt":1540041474000,"mc":[{"id":"1.149875226","rc":[{"ltp":1.43,"id":2257300}]}]}
{"op":"mcm","clk":"7769276861","pt":1540041534647,"mc":[{"id":"1.149875226","rc":[{"ltp":2.92,"id":8736474}]}]}
{"op":"mcm","clk":"7769290116","pt":1540041594698,"mc":[{"id":"1.149875226","rc":[{"ltp":4.3,"id":8736474},{"ltp":1.31,"id":2257300}]}]}
{"op":"mcm","clk":"7769303168","pt":1540041654368,"mc":[{"id":"1.149875226","rc":[{"ltp":4.1,"id":8736474},{"ltp":1.32,"id":2257300}]}]}
{"op":"mcm","clk":"7769316527","pt":1540041714294,"mc":[{"id":"1.149875226","rc":[{"ltp":1.34,"id":2257300}]}]}
{"op":"mcm","clk":"7769330048","pt":1540041774088,"mc":[{"id":"1.149875226","rc":[{"ltp":4.2,"id":8736474},{"ltp":1.31,"id":2257300}]}]}
{"op":"mcm","clk":"7769344206","pt":1540041834473,"mc":[{"id":"1.149875226","rc":[{"ltp":4.3,"id":8736474}]}]}
{"op":"mcm","clk":"7769357195","pt":1540041891930,"mc":[{"id":"1.149875226","rc":[{"ltp":4.4,"id":8736474},{"ltp":1.28,"id":2257300}]}]}
{"op":"mcm","clk":"7769371559","pt":1540041952573,"mc":[{"id":"1.149875226","rc":[{"ltp":4.5,"id":8736474}]}]}
{"op":"mcm","clk":"7769400318","pt":1540042074022,"mc":[{"id":"1.149875226","rc":[{"ltp":1.26,"id":2257300}]}]}
{"op":"mcm","clk":"7769414726","pt":1540042134526,"mc":[{"id":"1.149875226","rc":[{"ltp":4.2,"id":8736474},{"ltp":1.31,"id":2257300}]}]}
{"op":"mcm","clk":"7769429403","pt":1540042194328,"mc":[{"id":"1.149875226","rc":[{"ltp":4.0,"id":8736474},{"ltp":1.34,"id":2257300}]}]}
{"op":"mcm","clk":"7769445457","pt":1540042254732,"mc":[{"id":"1.149875226","rc":[{"ltp":4.2,"id":8736474},{"ltp":1.3,"id":2257300}]}]}
{"op":"mcm","clk":"7769461190","pt":1540042314246,"mc":[{"id":"1.149875226","rc":[{"ltp":3.9,"id":8736474},{"ltp":1.33,"id":2257300}]}]}
{"op":"mcm","clk":"7769495069","pt":1540042374655,"mc":[{"id":"1.149875226","rc":[{"ltp":2.78,"id":8736474},{"ltp":1.57,"id":2257300}]}]}
{"op":"mcm","clk":"7769511372","pt":1540042434737,"mc":[{"id":"1.149875226","rc":[{"ltp":2.82,"id":8736474},{"ltp":1.56,"id":2257300}]}]}
{"op":"mcm","clk":"7769527464","pt":1540042494388,"mc":[{"id":"1.149875226","rc":[{"ltp":2.72,"id":8736474},{"ltp":1.58,"id":2257300}]}]}
{"op":"mcm","clk":"7769542737","pt":1540042554614,"mc":[{"id":"1.149875226","rc":[{"ltp":2.62,"id":8736474},{"ltp":1.61,"id":2257300}]}]}
{"op":"mcm","clk":"7769559278","pt":1540042614633,"mc":[{"id":"1.149875226","rc":[{"ltp":3.25,"id":8736474},{"ltp":1.31,"id":2257300}]}]}
{"op":"mcm","clk":"7769576133","pt":1540042674409,"mc":[{"id":"1.149875226","rc":[{"ltp":4.6,"id":8736474},{"ltp":1.28,"id":2257300}]}]}
{"op":"mcm","clk":"7769593791","pt":1540042734253,"mc":[{"id":"1.149875226","rc":[{"ltp":4.8,"id":8736474},{"ltp":1.26,"id":2257300}]}]}
{"op":"mcm","clk":"7769608244","pt":1540042793742,"mc":[{"id":"1.149875226","rc":[{"ltp":5.2,"id":8736474},{"ltp":1.24,"id":2257300}]}]}
{"op":"mcm","clk":"7769623519","pt":1540042854697,"mc":[{"id":"1.149875226","rc":[{"ltp":1.25,"id":2257300}]}]}
{"op":"mcm","clk":"7769639334","pt":1540042914310,"mc":[{"id":"1.149875226","rc":[{"ltp":5.0,"id":8736474},{"ltp":1.26,"id":2257300}]}]}
{"op":"mcm","clk":"7769654772","pt":1540042974188,"mc":[{"id":"1.149875226","rc":[{"ltp":4.7,"id":8736474},{"ltp":1.27,"id":2257300}]}]}
{"op":"mcm","clk":"7769669703","pt":1540043034725,"mc":[{"id":"1.149875226","rc":[{"ltp":1.26,"id":2257300}]}]}
{"op":"mcm","clk":"7769684088","pt":1540043094631,"mc":[{"id":"1.149875226","rc":[{"ltp":1.28,"id":2257300}]}]}
{"op":"mcm","clk":"7769699018","pt":1540043152561,"mc":[{"id":"1.149875226","rc":[{"ltp":1.24,"id":2257300}]}]}
{"op":"mcm","clk":"7769714749","pt":1540043214488,"mc":[{"id":"1.149875226","rc":[{"ltp":5.5,"id":8736474},{"ltp":1.21,"id":2257300}]}]}
{"op":"mcm","clk":"7769746951","pt":1540043274046,"mc":[{"id":"1.149875226","rc":[{"ltp":5.7,"id":8736474}]}]}
{"op":"mcm","clk":"7769761425","pt":1540043334351,"mc":[{"id":"1.149875226","rc":[{"ltp":5.9,"id":8736474}]}]}
{"op":"mcm","clk":"7769775357","pt":1540043394136,"mc":[{"id":"1.149875226","rc":[{"ltp":1.19,"id":2257300}]}]}
{"op":"mcm","clk":"7769790700","pt":1540043454320,"mc":[{"id":"1.149875226","rc":[{"ltp":7.4,"id":8736474},{"ltp":1.18,"id":2257300}]}]}
{"op":"mcm","clk":"7769804708","pt":1540043513400,"mc":[{"id":"1.149875226","rc":[{"ltp":6.0,"id":8736474},{"ltp":1.24,"id":2257300}]}]}
{"op":"mcm","clk":"7769818852","pt":1540043573299,"mc":[{"id":"1.149875226","rc":[{"ltp":4.8,"id":8736474},{"ltp":1.26,"id":2257300}]}]}
{"op":"mcm","clk":"7769836885","pt":1540043634493,"mc":[{"id":"1.149875226","rc":[{"ltp":4.5,"id":8736474},{"ltp":1.28,"id":2257300}]}]}
{"op":"mcm","clk":"7769850240","pt":1540043694215,"mc":[{"id":"1.149875226","rc":[{"ltp":4.4,"id":8736474},{"ltp":1.29,"id":2257300}]}]}
{"op":"mcm","clk":"7769865889","pt":1540043753671,"mc":[{"id":"1.149875226","rc":[{"ltp":5.4,"id":8736474},{"ltp":1.23,"id":2257300}]}]}
{"op":"mcm","clk":"7769883464","pt":1540043814680,"mc":[{"id":"1.149875226","rc":[{"ltp":4.7,"id":8736474},{"ltp":1.27,"id":2257300}]}]}
{"op":"mcm","clk":"7769898517","pt":1540043874164,"mc":[{"id":"1.149875226","rc":[{"ltp":4.4,"id":8736474},{"ltp":1.29,"id":2257300}]}]}
{"op":"mcm","clk":"7769912787","pt":1540043934055,"mc":[{"id":"1.149875226","rc":[{"ltp":4.3,"id":8736474},{"ltp":1.3,"id":2257300}]}]}
{"op":"mcm","clk":"7769927822","pt":1540043993216,"mc":[{"id":"1.149875226","rc":[{"ltp":4.1,"id":8736474},{"ltp":1.32,"id":2257300}]}]}
{"op":"mcm","clk":"7769961794","pt":1540044114217,"mc":[{"id":"1.149875226","rc":[{"ltp":3.25,"id":8736474},{"ltp":1.44,"id":2257300}]}]}
{"op":"mcm","clk":"7769998908","pt":1540044174661,"mc":[{"id":"1.149875226","rc":[{"ltp":4.8,"id":8736474},{"ltp":1.25,"id":2257300}]}]}
{"op":"mcm","clk":"7770017820","pt":1540044234682,"mc":[{"id":"1.149875226","rc":[{"ltp":5.7,"id":8736474},{"ltp":1.22,"id":2257300}]}]}
{"op":"mcm","clk":"7770036557","pt":1540044294237,"mc":[{"id":"1.149875226","rc":[{"ltp":6.0,"id":8736474},{"ltp":1.2,"id":2257300}]}]}
{"op":"mcm","clk":"7770056258","pt":1540044353774,"mc":[{"id":"1.149875226","rc":[{"ltp":7.0,"id":8736474},{"ltp":1.1,"id":2257300}]}]}
{"op":"mcm","clk":"7770075194","pt":1540044413662,"mc":[{"id":"1.149875226","rc":[{"ltp":11.5,"id":8736474},{"ltp":1.09,"id":2257300}]}]}
{"op":"mcm","clk":"7770095453","pt":1540044474287,"mc":[{"id":"1.149875226","rc":[{"ltp":10.5,"id":8736474},{"ltp":1.11,"id":2257300}]}]}
{"op":"mcm","clk":"7770115430","pt":1540044533310,"mc":[{"id":"1.149875226","rc":[{"ltp":8.0,"id":8736474},{"ltp":1.13,"id":2257300}]}]}
{"op":"mcm","clk":"7770138482","pt":1540044594647,"mc":[{"id":"1.149875226","rc":[{"ltp":7.0,"id":8736474},{"ltp":1.15,"id":2257300}]}]}
{"op":"mcm","clk":"7770156593","pt":1540044653791,"mc":[{"id":"1.149875226","rc":[{"ltp":9.6,"id":8736474},{"ltp":1.12,"id":2257300}]}]}
{"op":"mcm","clk":"7770174980","pt":1540044714335,"mc":[{"id":"1.149875226","rc":[{"ltp":6.0,"id":8736474},{"ltp":1.2,"id":2257300}]}]}
{"op":"mcm","clk":"7770194041","pt":1540044774459,"mc":[{"id":"1.149875226","rc":[{"ltp":12.5,"id":8736474},{"ltp":1.08,"id":2257300}]}]}
{"op":"mcm","clk":"7770214118","pt":1540044834034,"mc":[{"id":"1.149875226","rc":[{"ltp":15.0,"id":8736474}]}]}
{"op":"mcm","clk":"7770235288","pt":1540044894528,"mc":[{"id":"1.149875226","rc":[{"ltp":14.5,"id":8736474},{"ltp":1.07,"id":2257300}]}]}
{"op":"mcm","clk":"7770255183","pt":1540044954696,"mc":[{"id":"1.149875226","rc":[{"ltp":26.0,"id":8736474},{"ltp":1.04,"id":2257300}]}]}
{"op":"mcm","clk":"7770275686","pt":1540045013191,"mc":[{"id":"1.149875226","rc":[{"ltp":17.5,"id":8736474},{"ltp":1.06,"id":2257300}]}]}
{"op":"mcm","clk":"7770314153","pt":1540045074527,"mc":[{"id":"1.149875226","rc":[{"ltp":15.0,"id":8736474},{"ltp":1.07,"id":2257300}]}]}
{"op":"mcm","clk":"7770334844","pt":1540045134548,"mc":[{"id":"1.149875226","rc":[{"ltp":14.0,"id":8736474},{"ltp":1.06,"id":2257300}]}]}
{"op":"mcm","clk":"7770354550","pt":1540045194516,"mc":[{"id":"1.149875226","rc":[{"ltp":13.5,"id":8736474},{"ltp":1.08,"id":2257300}]}]}
{"op":"mcm","clk":"7770374339","pt":1540045254142,"mc":[{"id":"1.149875226","rc":[{"ltp":12.0,"id":8736474},{"ltp":1.09,"id":2257300}]}]}
{"op":"mcm","clk":"7770392980","pt":1540045314228,"mc":[{"id":"1.149875226","rc":[{"ltp":15.0,"id":8736474},{"ltp":1.07,"id":2257300}]}]}
{"op":"mcm","clk":"7770430750","pt":1540045434588,"mc":[{"id":"1.149875226","rc":[{"ltp":21.0,"id":8736474},{"ltp":1.05,"id":2257300}]}]}
{"op":"mcm","clk":"7770449956","pt":1540045494566,"mc":[{"id":"1.149875226","rc":[{"ltp":26.0,"id":8736474},{"ltp":1.04,"id":2257300}]}]}
{"op":"mcm","clk":"7770469743","pt":1540045553916,"mc":[{"id":"1.149875226","rc":[{"ltp":21.0,"id":8736474},{"ltp":1.05,"id":2257300}]}]}
{"op":"mcm","clk":"7770508315","pt":1540045674573,"mc":[{"id":"1.149875226","rc":[{"ltp":17.5,"id":8736474},{"ltp":1.06,"id":2257300}]}]}
{"op":"mcm","clk":"7770527053","pt":1540045734658,"mc":[{"id":"1.149875226","rc":[{"ltp":34.0,"id":8736474},{"ltp":1.02,"id":2257300}]}]}
{"op":"mcm","clk":"7770545975","pt":1540045794523,"mc":[{"id":"1.149875226","rc":[{"ltp":130.0,"id":8736474},{"ltp":1.01,"id":2257300}]}]}
{"op":"mcm","clk":"7770565455","pt":1540045853422,"mc":[{"id":"1.149875226","rc":[{"ltp":100.0,"id":8736474}]}]}
{"op":"mcm","clk":"7770584472","pt":1540045911993,"mc":[{"id":"1.149875226","marketDefinition":{"bspMarket":false,"turnInPlayEnabled":true,"persistenceEnabled":true,"marketBaseRate":5.0,"eventId":"28965336","eventTypeId":"2","numberOfWinners":1,"bettingType":"ODDS","marketType":"MATCH_ODDS","marketTime":"2018-10-20T12:45:00.000Z","suspendTime":"2018-10-20T12:45:00.000Z","bspReconciled":false,"complete":true,"inPlay":true,"crossMatching":false,"runnersVoidable":false,"numberOfActiveRunners":0,"betDelay":5,"status":"CLOSED","settledTime":"2018-10-20T14:31:35.000Z","runners":[{"status":"WINNER","sortPriority":1,"id":2257300,"name":"Gael Monfils"},{"status":"LOSER","sortPriority":2,"id":8736474,"name":"Diego Schwartzman"}],"regulators":["MR_INT"],"countryCode":"BE","discountAllowed":true,"timezone":"UTC","openDate":"2018-10-20T12:45:00.000Z","version":2464571859,"name":"Match Odds","eventName":"Monfils v Schwartzman"}}]}
