{"op":"mcm","clk":"7690714096","pt":1539964761800,"mc":[{"id":"1.149860538","marketDefinition":{"bspMarket":false,"turnInPlayEnabled":true,"persistenceEnabled":true,"marketBaseRate":5.0,"eventId":"28965067","eventTypeId":"2","numberOfWinners":1,"bettingType":"ODDS","marketType":"MATCH_ODDS","marketTime":"2018-10-20T11:00:00.000Z","suspendTime":"2018-10-20T11:00:00.000Z","bspReconciled":false,"complete":true,"inPlay":false,"crossMatching":true,"runnersVoidable":false,"numberOfActiveRunners":2,"betDelay":0,"status":"OPEN","runners":[{"status":"ACTIVE","sortPriority":1,"id":9193006,"name":"Stefanos Tsitsipas"},{"status":"ACTIVE","sortPriority":2,"id":2319544,"name":"Fabio Fognini"}],"regulators":["MR_INT"],"countryCode":"SE","discountAllowed":true,"timezone":"UTC","openDate":"2018-10-20T11:00:00.000Z","version":2461805394,"name":"Match Odds","eventName":"Tsitsipas v Fognini"}}]}
{"op":"mcm","clk":"7691996193","pt":1539973127339,"mc":[{"id":"1.149860538","rc":[{"ltp":2.36,"id":2319544},{"ltp":1.73,"id":9193006}]}]}
{"op":"mcm","clk":"7693042953","pt":1539978158865,"mc":[{"id":"1.149860538","rc":[{"ltp":1.68,"id":9193006}]}]}
{"op":"mcm","clk":"7693198110","pt":1539979187348,"mc":[{"id":"1.149860538","rc":[{"ltp":2.24,"id":2319544},{"ltp":1.84,"id":9193006}]}]}
{"op":"mcm","clk":"7693216435","pt":1539979360803,"mc":[{"id":"1.149860538","rc":[{"ltp":1.73,"id":9193006}]}]}
{"op":"mcm","clk":"7693222699","pt":1539979422451,"mc":[{"id":"1.149860538","rc":[{"ltp":1.79,"id":9193006}]}]}
{"op":"mcm","clk":"7693230147","pt":1539979484802,"mc":[{"id":"1.149860538","rc":[{"ltp":2.3,"id":2319544},{"ltp":1.77,"id":9193006}]}]}
{"op":"mcm","clk":"7693235906","pt":1539979536615,"mc":[{"id":"1.149860538","rc":[{"ltp":1.76,"id":9193006}]}]}
{"op":"mcm","clk":"7693243566","pt":1539979602775,"mc":[{"id":"1.149860538","rc":[{"ltp":1.73,"id":9193006}]}]}
{"op":"mcm","clk":"7693265737","pt":1539979634418,"mc":[{"id":"1.149860538","rc":[{"ltp":2.4,"id":2319544},{"ltp":1.72,"id":9193006}]}]}
{"op":"mcm","clk":"7693276739","pt":1539979725420,"mc":[{"id":"1.149860538","rc":[{"ltp":2.44,"id":2319544},{"ltp":1.7,"id":9193006}]}]}
{"op":"mcm","clk":"7693282687","pt":1539979774652,"mc":[{"id":"1.149860538","rc":[{"ltp":2.38,"id":2319544},{"ltp":1.72,"id":9193006}]}]}
{"op":"mcm","clk":"7693289760","pt":1539979834833,"mc":[{"id":"1.149860538","rc":[{"ltp":1.73,"id":9193006}]}]}
{"op":"mcm","clk":"7693296664","pt":1539979895088,"mc":[{"id":"1.149860538","rc":[{"ltp":1.69,"id":9193006}]}]}
{"op":"mcm","clk":"7693303704","pt":1539979948443,"mc":[{"id":"1.149860538","rc":[{"ltp":1.68,"id":9193006}]}]}
{"op":"mcm","clk":"7693320460","pt":1539980078538,"mc":[{"id":"1.149860538","rc":[{"ltp":1.67,"id":9193006}]}]}
{"op":"mcm","clk":"7693390597","pt":1539980558053,"mc":[{"id":"1.149860538","rc":[{"ltp":1.7,"id":9193006}]}]}
{"op":"mcm","clk":"7693500436","pt":1539981517476,"mc":[{"id":"1.149860538","rc":[{"ltp":1.68,"id":9193006}]}]}
{"op":"mcm","clk":"7693508552","pt":1539981622904,"mc":[{"id":"1.149860538","rc":[{"ltp":2.42,"id":2319544},{"ltp":1.67,"id":9193006}]}]}
{"op":"mcm","clk":"7693553122","pt":1539982278352,"mc":[{"id":"1.149860538","rc":[{"ltp":1.69,"id":9193006}]}]}
{"op":"mcm","clk":"7693737273","pt":1539984153468,"mc":[{"id":"1.149860538","rc":[{"ltp":2.46,"id":2319544}]}]}
{"op":"mcm","clk":"7693753487","pt":1539984439774,"mc":[{"id":"1.149860538","rc":[{"ltp":1.67,"id":9193006}]}]}
{"op":"mcm","clk":"7693761900","pt":1539984585135,"mc":[{"id":"1.149860538","rc":[{"ltp":1.68,"id":9193006}]}]}
{"op":"mcm","clk":"7693779949","pt":1539984881430,"mc":[{"id":"1.149860538","rc":[{"ltp":1.69,"id":9193006}]}]}
{"op":"mcm","clk":"7693909264","pt":1539986679667,"mc":[{"id":"1.149860538","rc":[{"ltp":1.67,"id":9193006}]}]}
{"op":"mcm","clk":"7694014537","pt":1539987887004,"mc":[{"id":"1.149860538","rc":[{"ltp":1.68,"id":9193006}]}]}
{"op":"mcm","clk":"7694016270","pt":1539987910701,"mc":[{"id":"1.149860538","rc":[{"ltp":1.69,"id":9193006}]}]}
{"op":"mcm","clk":"7694038717","pt":1539988239241,"mc":[{"id":"1.149860538","rc":[{"ltp":1.67,"id":9193006}]}]}
{"op":"mcm","clk":"7694311722","pt":1539991603555,"mc":[{"id":"1.149860538","rc":[{"ltp":1.68,"id":9193006}]}]}
{"op":"mcm","clk":"7694912991","pt":1539997904289,"mc":[{"id":"1.149860538","rc":[{"ltp":2.44,"id":2319544}]}]}
{"op":"mcm","clk":"7695438632","pt":1540002983468,"mc":[{"id":"1.149860538","rc":[{"ltp":1.69,"id":9193006}]}]}
{"op":"mcm","clk":"7695471916","pt":1540003229669,"mc":[{"id":"1.149860538","rc":[{"ltp":2.46,"id":2319544}]}]}
{"op":"mcm","clk":"7695546435","pt":1540004069605,"mc":[{"id":"1.149860538","rc":[{"ltp":1.68,"id":9193006}]}]}
{"op":"mcm","clk":"7695985270","pt":1540009846600,"mc":[{"id":"1.149860538","rc":[{"ltp":2.48,"id":2319544}]}]}
{"op":"mcm","clk":"7696056481","pt":1540010569912,"mc":[{"id":"1.149860538","rc":[{"ltp":1.69,"id":9193006}]}]}
{"op":"mcm","clk":"7696161595","pt":1540011941766,"mc":[{"id":"1.149860538","rc":[{"ltp":2.44,"id":2319544}]}]}
{"op":"mcm","clk":"7696310895","pt":1540013209060,"mc":[{"id":"1.149860538","rc":[{"ltp":1.68,"id":9193006}]}]}
{"op":"mcm","clk":"7696397475","pt":1540013905896,"mc":[{"id":"1.149860538","rc":[{"ltp":1.69,"id":9193006}]}]}
{"op":"mcm","clk":"7696587479","pt":1540015770011,"mc":[{"id":"1.149860538","rc":[{"ltp":1.68,"id":9193006}]}]}
{"op":"mcm","clk":"7696698995","pt":1540016743692,"mc":[{"id":"1.149860538","rc":[{"ltp":1.69,"id":9193006}]}]}
{"op":"mcm","clk":"7696702866","pt":1540016789586,"mc":[{"id":"1.149860538","rc":[{"ltp":1.67,"id":9193006}]}]}
{"op":"mcm","clk":"7696727759","pt":1540016967090,"mc":[{"id":"1.149860538","rc":[{"ltp":1.68,"id":9193006}]}]}
{"op":"mcm","clk":"7696739922","pt":1540017076297,"mc":[{"id":"1.149860538","rc":[{"ltp":2.46,"id":2319544}]}]}
{"op":"mcm","clk":"7696757766","pt":1540017226104,"mc":[{"id":"1.149860538","rc":[{"ltp":2.44,"id":2319544},{"ltp":1.69,"id":9193006}]}]}
{"op":"mcm","clk":"7696826893","pt":1540017743649,"mc":[{"id":"1.149860538","rc":[{"ltp":1.68,"id":9193006}]}]}
{"op":"mcm","clk":"7696832564","pt":1540017806755,"mc":[{"id":"1.149860538","rc":[{"ltp":1.67,"id":9193006}]}]}
{"op":"mcm","clk":"7696911270","pt":1540018524605,"mc":[{"id":"1.149860538","rc":[{"ltp":2.46,"id":2319544},{"ltp":1.68,"id":9193006}]}]}
{"op":"mcm","clk":"7696922238","pt":1540018655091,"mc":[{"id":"1.149860538","rc":[{"ltp":2.5,"id":2319544}]}]}
{"op":"mcm","clk":"7697149141","pt":1540020811343,"mc":[{"id":"1.149860538","rc":[{"ltp":1.67,"id":9193006}]}]}
{"op":"mcm","clk":"7697159748","pt":1540020923908,"mc":[{"id":"1.149860538","rc":[{"ltp":2.48,"id":2319544}]}]}
{"op":"mcm","clk":"7697189495","pt":1540021046204,"mc":[{"id":"1.149860538","rc":[{"ltp":2.46,"id":2319544}]}]}
{"op":"mcm","clk":"7697195167","pt":1540021116041,"mc":[{"id":"1.149860538","rc":[{"ltp":1.68,"id":9193006}]}]}
{"op":"mcm","clk":"7697205374","pt":1540021230143,"mc":[{"id":"1.149860538","rc":[{"ltp":1.69,"id":9193006}]}]}
{"op":"mcm","clk":"7697213016","pt":1540021300101,"mc":[{"id":"1.149860538","rc":[{"ltp":2.44,"id":2319544}]}]}
{"op":"mcm","clk":"7697459437","pt":1540023204944,"mc":[{"id":"1.149860538","rc":[{"ltp":1.68,"id":9193006}]}]}
{"op":"mcm","clk":"7697508282","pt":1540023568406,"mc":[{"id":"1.149860538","rc":[{"ltp":1.69,"id":9193006}]}]}
{"op":"mcm","clk":"7697511393","pt":1540023590521,"mc":[{"id":"1.149860538","rc":[{"ltp":1.68,"id":9193006}]}]}
{"op":"mcm","clk":"7697641897","pt":1540024406320,"mc":[{"id":"1.149860538","rc":[{"ltp":1.69,"id":9193006}]}]}
{"op":"mcm","clk":"7697698673","pt":1540024697654,"mc":[{"id":"1.149860538","rc":[{"ltp":1.68,"id":9193006}]}]}
{"op":"mcm","clk":"7697732495","pt":1540024943234,"mc":[{"id":"1.149860538","rc":[{"ltp":1.69,"id":9193006}]}]}
{"op":"mcm","clk":"7697759987","pt":1540025132863,"mc":[{"id":"1.149860538","rc":[{"ltp":1.68,"id":9193006}]}]}
{"op":"mcm","clk":"7697775177","pt":1540025232500,"mc":[{"id":"1.149860538","rc":[{"ltp":1.69,"id":9193006}]}]}
{"op":"mcm","clk":"7697793496","pt":1540025301978,"mc":[{"id":"1.149860538","rc":[{"ltp":1.68,"id":9193006}]}]}
{"op":"mcm","clk":"7697811190","pt":1540025423584,"mc":[{"id":"1.149860538","rc":[{"ltp":1.69,"id":9193006}]}]}
{"op":"mcm","clk":"7697882710","pt":1540025819700,"mc":[{"id":"1.149860538","rc":[{"ltp":2.42,"id":2319544},{"ltp":1.7,"id":9193006}]}]}
{"op":"mcm","clk":"7697971882","pt":1540026403468,"mc":[{"id":"1.149860538","rc":[{"ltp":1.69,"id":9193006}]}]}
{"op":"mcm","clk":"7698107428","pt":1540027124459,"mc":[{"id":"1.149860538","rc":[{"ltp":1.7,"id":9193006}]}]}
{"op":"mcm","clk":"7698220012","pt":1540027664729,"mc":[{"id":"1.149860538","rc":[{"ltp":1.69,"id":9193006}]}]}
{"op":"mcm","clk":"7698260442","pt":1540027898214,"mc":[{"id":"1.149860538","rc":[{"ltp":1.7,"id":9193006}]}]}
{"op":"mcm","clk":"7698425550","pt":1540028779134,"mc":[{"id":"1.149860538","rc":[{"ltp":1.69,"id":9193006}]}]}
{"op":"mcm","clk":"7698463762","pt":1540029041488,"mc":[{"id":"1.149860538","rc":[{"ltp":1.7,"id":9193006}]}]}
{"op":"mcm","clk":"7698472440","pt":1540029100693,"mc":[{"id":"1.149860538","rc":[{"ltp":2.46,"id":2319544}]}]}
{"op":"mcm","clk":"7698504147","pt":1540029203365,"mc":[{"id":"1.149860538","rc":[{"ltp":1.69,"id":9193006}]}]}
{"op":"mcm","clk":"7698523963","pt":1540029339485,"mc":[{"id":"1.149860538","rc":[{"ltp":2.42,"id":2319544},{"ltp":1.7,"id":9193006}]}]}
{"op":"mcm","clk":"7698537259","pt":1540029432580,"mc":[{"id":"1.149860538","rc":[{"ltp":1.69,"id":9193006}]}]}
{"op":"mcm","clk":"7698565399","pt":1540029584913,"mc":[{"id":"1.149860538","rc":[{"ltp":1.7,"id":9193006}]}]}
{"op":"mcm","clk":"7698613548","pt":1540029826916,"mc":[{"id":"1.149860538","rc":[{"ltp":2.38,"id":2319544},{"ltp":1.73,"id":9193006}]}]}
{"op":"mcm","clk":"7698624524","pt":1540029885371,"mc":[{"id":"1.149860538","rc":[{"ltp":2.34,"id":2319544},{"ltp":1.75,"id":9193006}]}]}
{"op":"mcm","clk":"7698635388","pt":1540029947353,"mc":[{"id":"1.149860538","rc":[{"ltp":2.3,"id":2319544},{"ltp":1.77,"id":9193006}]}]}
{"op":"mcm","clk":"7698672775","pt":1540030064410,"mc":[{"id":"1.149860538","rc":[{"ltp":2.32,"id":2319544},{"ltp":1.78,"id":9193006}]}]}
{"op":"mcm","clk":"7698677684","pt":1540030094608,"mc":[{"id":"1.149860538","rc":[{"ltp":1.77,"id":9193006}]}]}
{"op":"mcm","clk":"7698689921","pt":1540030170790,"mc":[{"id":"1.149860538","rc":[{"ltp":1.79,"id":9193006}]}]}
{"op":"mcm","clk":"7698727640","pt":1540030367570,"mc":[{"id":"1.149860538","rc":[{"ltp":2.26,"id":2319544},{"ltp":1.8,"id":9193006}]}]}
{"op":"mcm","clk":"7698750362","pt":1540030487518,"mc":[{"id":"1.149860538","rc":[{"ltp":2.28,"id":2319544},{"ltp":1.78,"id":9193006}]}]}
{"op":"mcm","clk":"7698761133","pt":1540030545988,"mc":[{"id":"1.149860538","rc":[{"ltp":2.26,"id":2319544},{"ltp":1.8,"id":9193006}]}]}
{"op":"mcm","clk":"7698772694","pt":1540030607448,"mc":[{"id":"1.149860538","rc":[{"ltp":1.79,"id":9193006}]}]}
{"op":"mcm","clk":"7698783702","pt":1540030663576,"mc":[{"id":"1.149860538","rc":[{"ltp":1.8,"id":9193006}]}]}
{"op":"mcm","clk":"7698826040","pt":1540030847085,"mc":[{"id":"1.149860538","rc":[{"ltp":2.24,"id":2319544}]}]}
{"op":"mcm","clk":"7698862958","pt":1540030957894,"mc":[{"id":"1.149860538","rc":[{"ltp":2.26,"id":2319544}]}]}
{"op":"mcm","clk":"7698904231","pt":1540031186186,"mc":[{"id":"1.149860538","rc":[{"ltp":1.79,"id":9193006}]}]}
{"op":"mcm","clk":"7698916970","pt":1540031258279,"mc":[{"id":"1.149860538","rc":[{"ltp":1.8,"id":9193006}]}]}
{"op":"mcm","clk":"7698956841","pt":1540031489834,"mc":[{"id":"1.149860538","rc":[{"ltp":1.79,"id":9193006}]}]}
{"op":"mcm","clk":"7698979270","pt":1540031626654,"mc":[{"id":"1.149860538","rc":[{"ltp":2.24,"id":2319544},{"ltp":1.8,"id":9193006}]}]}
{"op":"mcm","clk":"7698988008","pt":1540031681566,"mc":[{"id":"1.149860538","rc":[{"ltp":1.79,"id":9193006}]}]}
{"op":"mcm","clk":"7698998771","pt":1540031744888,"mc":[{"id":"1.149860538","rc":[{"ltp":2.26,"id":2319544},{"ltp":1.8,"id":9193006}]}]}
{"op":"mcm","clk":"7699037548","pt":1540031864684,"mc":[{"id":"1.149860538","rc":[{"ltp":1.79,"id":9193006}]}]}
{"op":"mcm","clk":"7699046703","pt":1540031916810,"mc":[{"id":"1.149860538","rc":[{"ltp":2.28,"id":2319544}]}]}
{"op":"mcm","clk":"7699057195","pt":1540031974156,"mc":[{"id":"1.149860538","rc":[{"ltp":2.26,"id":2319544},{"ltp":1.8,"id":9193006}]}]}
{"op":"mcm","clk":"7699070470","pt":1540032043199,"mc":[{"id":"1.149860538","rc":[{"ltp":1.79,"id":9193006}]}]}
{"op":"mcm","clk":"7699088025","pt":1540032137342,"mc":[{"id":"1.149860538","rc":[{"ltp":1.78,"id":9193006}]}]}
{"op":"mcm","clk":"7699122453","pt":1540032345510,"mc":[{"id":"1.149860538","rc":[{"ltp":2.3,"id":2319544}]}]}
{"op":"mcm","clk":"7699147726","pt":1540032518453,"mc":[{"id":"1.149860538","rc":[{"ltp":2.26,"id":2319544}]}]}
{"op":"mcm","clk":"7699208560","pt":1540032758939,"mc":[{"id":"1.149860538","rc":[{"ltp":2.3,"id":2319544}]}]}
{"op":"mcm","clk":"7699220026","pt":1540032826629,"mc":[{"id":"1.149860538","marketDefinition":{"bspMarket":false,"turnInPlayEnabled":true,"persistenceEnabled":true,"marketBaseRate":5.0,"eventId":"28965067","eventTypeId":"2","numberOfWinners":1,"bettingType":"ODDS","marketType":"MATCH_ODDS","marketTime":"2018-10-20T10:49:00.000Z","suspendTime":"2018-10-20T10:49:00.000Z","bspReconciled":false,"complete":true,"inPlay":false,"crossMatching":true,"runnersVoidable":false,"numberOfActiveRunners":2,"betDelay":0,"status":"OPEN","runners":[{"status":"ACTIVE","sortPriority":1,"id":9193006,"name":"Stefanos Tsitsipas"},{"status":"ACTIVE","sortPriority":2,"id":2319544,"name":"Fabio Fognini"}],"regulators":["MR_INT"],"countryCode":"SE","discountAllowed":true,"timezone":"UTC","openDate":"2018-10-20T10:49:00.000Z","version":2463613095,"name":"Match Odds","eventName":"Tsitsipas v Fognini"}}]}
{"op":"mcm","clk":"7699228949","pt":1540032882797,"mc":[{"id":"1.149860538","rc":[{"ltp":1.79,"id":9193006}]}]}
{"op":"mcm","clk":"7699239836","pt":1540032943647,"mc":[{"id":"1.149860538","rc":[{"ltp":1.78,"id":9193006}]}]}
{"op":"mcm","clk":"7699254379","pt":1540033007477,"mc":[{"id":"1.149860538","rc":[{"ltp":2.28,"id":2319544}]}]}
{"op":"mcm","clk":"7699310360","pt":1540033300581,"mc":[{"id":"1.149860538","rc":[{"ltp":1.79,"id":9193006}]}]}
{"op":"mcm","clk":"7699321931","pt":1540033355336,"mc":[{"id":"1.149860538","rc":[{"ltp":1.78,"id":9193006}]}]}
{"op":"mcm","clk":"7699347947","pt":1540033479811,"mc":[{"id":"1.149860538","rc":[{"ltp":1.77,"id":9193006}]}]}
{"op":"mcm","clk":"7699371972","pt":1540033596739,"mc":[{"id":"1.149860538","rc":[{"ltp":1.79,"id":9193006}]}]}
{"op":"mcm","clk":"7699401134","pt":1540033652959,"mc":[{"id":"1.149860538","rc":[{"ltp":2.26,"id":2319544},{"ltp":1.77,"id":9193006}]}]}
{"op":"mcm","clk":"7699415395","pt":1540033727092,"mc":[{"id":"1.149860538","rc":[{"ltp":1.76,"id":9193006}]}]}
{"op":"mcm","clk":"7699426122","pt":1540033787337,"mc":[{"id":"1.149860538","rc":[{"ltp":1.78,"id":9193006}]}]}
{"op":"mcm","clk":"7699436372","pt":1540033841946,"mc":[{"id":"1.149860538","rc":[{"ltp":1.77,"id":9193006}]}]}
{"op":"mcm","clk":"7699460628","pt":1540033965734,"mc":[{"id":"1.149860538","rc":[{"ltp":2.28,"id":2319544},{"ltp":1.76,"id":9193006}]}]}
{"op":"mcm","clk":"7699471140","pt":1540034022213,"mc":[{"id":"1.149860538","rc":[{"ltp":1.77,"id":9193006}]}]}
{"op":"mcm","clk":"7699483116","pt":1540034087527,"mc":[{"id":"1.149860538","rc":[{"ltp":2.38,"id":2319544},{"ltp":1.72,"id":9193006}]}]}
{"op":"mcm","clk":"7699495823","pt":1540034145483,"mc":[{"id":"1.149860538","rc":[{"ltp":2.44,"id":2319544},{"ltp":1.69,"id":9193006}]}]}
{"op":"mcm","clk":"7699506479","pt":1540034206028,"mc":[{"id":"1.149860538","rc":[{"ltp":2.42,"id":2319544},{"ltp":1.7,"id":9193006}]}]}
{"op":"mcm","clk":"7699517278","pt":1540034267516,"mc":[{"id":"1.149860538","marketDefinition":{"bspMarket":false,"turnInPlayEnabled":true,"persistenceEnabled":true,"marketBaseRate":5.0,"eventId":"28965067","eventTypeId":"2","numberOfWinners":1,"bettingType":"ODDS","marketType":"MATCH_ODDS","marketTime":"2018-10-20T10:49:00.000Z","suspendTime":"2018-10-20T10:49:00.000Z","bspReconciled":false,"complete":true,"inPlay":true,"crossMatching":true,"runnersVoidable":false,"numberOfActiveRunners":2,"betDelay":5,"status":"OPEN","runners":[{"status":"ACTIVE","sortPriority":1,"id":9193006,"name":"Stefanos Tsitsipas"},{"status":"ACTIVE","sortPriority":2,"id":2319544,"name":"Fabio Fognini"}],"regulators":["MR_INT"],"countryCode":"SE","discountAllowed":true,"timezone":"UTC","openDate":"2018-10-20T10:49:00.000Z","version":2463700110,"name":"Match Odds","eventName":"Tsitsipas v Fognini"},"rc":[{"ltp":2.46,"id":2319544},{"ltp":1.68,"id":9193006}]}]}
{"op":"mcm","clk":"7699527502","pt":1540034327289,"mc":[{"id":"1.149860538","rc":[{"ltp":1.69,"id":9193006}]}]}
{"op":"mcm","clk":"7699537707","pt":1540034387434,"mc":[{"id":"1.149860538","rc":[{"ltp":2.52,"id":2319544},{"ltp":1.65,"id":9193006}]}]}
{"op":"mcm","clk":"7699547996","pt":1540034446978,"mc":[{"id":"1.149860538","rc":[{"ltp":2.64,"id":2319544},{"ltp":1.61,"id":9193006}]}]}
{"op":"mcm","clk":"7699558372","pt":1540034507327,"mc":[{"id":"1.149860538","rc":[{"ltp":2.88,"id":2319544},{"ltp":1.51,"id":9193006}]}]}
{"op":"mcm","clk":"7699588017","pt":1540034566771,"mc":[{"id":"1.149860538","rc":[{"ltp":2.58,"id":2319544},{"ltp":1.63,"id":9193006}]}]}
{"op":"mcm","clk":"7699600282","pt":1540034627012,"mc":[{"id":"1.149860538","rc":[{"ltp":2.42,"id":2319544},{"ltp":1.7,"id":9193006}]}]}
{"op":"mcm","clk":"7699612760","pt":1540034687454,"mc":[{"id":"1.149860538","rc":[{"ltp":2.5,"id":2319544},{"ltp":1.66,"id":9193006}]}]}
{"op":"mcm","clk":"7699625362","pt":1540034745772,"mc":[{"id":"1.149860538","rc":[{"ltp":2.48,"id":2319544},{"ltp":1.68,"id":9193006}]}]}
{"op":"mcm","clk":"7699638042","pt":1540034807410,"mc":[{"id":"1.149860538","rc":[{"ltp":2.5,"id":2319544}]}]}
{"op":"mcm","clk":"7699652308","pt":1540034867472,"mc":[{"id":"1.149860538","rc":[{"ltp":2.4,"id":2319544}]}]}
{"op":"mcm","clk":"7699670630","pt":1540034927457,"mc":[{"id":"1.149860538","rc":[{"ltp":2.58,"id":2319544},{"ltp":1.63,"id":9193006}]}]}
{"op":"mcm","clk":"7699682480","pt":1540034987504,"mc":[{"id":"1.149860538","rc":[{"ltp":2.6,"id":2319544}]}]}
{"op":"mcm","clk":"7699693485","pt":1540035047353,"mc":[{"id":"1.149860538","rc":[{"ltp":2.44,"id":2319544},{"ltp":1.69,"id":9193006}]}]}
{"op":"mcm","clk":"7699704951","pt":1540035107510,"mc":[{"id":"1.149860538","rc":[{"ltp":2.3,"id":2319544},{"ltp":1.76,"id":9193006}]}]}
{"op":"mcm","clk":"7699716626","pt":1540035167457,"mc":[{"id":"1.149860538","rc":[{"ltp":2.26,"id":2319544},{"ltp":1.78,"id":9193006}]}]}
{"op":"mcm","clk":"7699728722","pt":1540035227103,"mc":[{"id":"1.149860538","rc":[{"ltp":2.12,"id":2319544},{"ltp":1.88,"id":9193006}]}]}
{"op":"mcm","clk":"7699741497","pt":1540035287380,"mc":[{"id":"1.149860538","rc":[{"ltp":2.16,"id":2319544},{"ltp":1.87,"id":9193006}]}]}
{"op":"mcm","clk":"7699754480","pt":1540035347289,"mc":[{"id":"1.149860538","rc":[{"ltp":2.44,"id":2319544},{"ltp":1.71,"id":9193006}]}]}
{"op":"mcm","clk":"7699768353","pt":1540035407514,"mc":[{"id":"1.149860538","rc":[{"ltp":2.4,"id":2319544},{"ltp":1.72,"id":9193006}]}]}
{"op":"mcm","clk":"7699800920","pt":1540035467502,"mc":[{"id":"1.149860538","rc":[{"ltp":2.66,"id":2319544},{"ltp":1.63,"id":9193006}]}]}
{"op":"mcm","clk":"7699814912","pt":1540035527236,"mc":[{"id":"1.149860538","rc":[{"ltp":2.4,"id":2319544},{"ltp":1.76,"id":9193006}]}]}
{"op":"mcm","clk":"7699828710","pt":1540035587561,"mc":[{"id":"1.149860538","rc":[{"ltp":2.18,"id":2319544},{"ltp":1.86,"id":9193006}]}]}
{"op":"mcm","clk":"7699842422","pt":1540035647450,"mc":[{"id":"1.149860538","rc":[{"ltp":2.2,"id":2319544},{"ltp":1.81,"id":9193006}]}]}
{"op":"mcm","clk":"7699856144","pt":1540035707568,"mc":[{"id":"1.149860538","rc":[{"ltp":2.44,"id":2319544},{"ltp":1.7,"id":9193006}]}]}
{"op":"mcm","clk":"7699869685","pt":1540035767549,"mc":[{"id":"1.149860538","rc":[{"ltp":2.42,"id":2319544}]}]}
{"op":"mcm","clk":"7699883108","pt":1540035827441,"mc":[{"id":"1.149860538","rc":[{"ltp":2.24,"id":2319544},{"ltp":1.8,"id":9193006}]}]}
{"op":"mcm","clk":"7699896044","pt":1540035887120,"mc":[{"id":"1.149860538","rc":[{"ltp":2.36,"id":2319544}]}]}
{"op":"mcm","clk":"7699908456","pt":1540035947124,"mc":[{"id":"1.149860538","rc":[{"ltp":2.54,"id":2319544},{"ltp":1.61,"id":9193006}]}]}
{"op":"mcm","clk":"7699920252","pt":1540036007316,"mc":[{"id":"1.149860538","rc":[{"ltp":2.66,"id":2319544},{"ltp":1.48,"id":9193006}]}]}
{"op":"mcm","clk":"7699931744","pt":1540036067502,"mc":[{"id":"1.149860538","rc":[{"ltp":4.5,"id":2319544},{"ltp":1.28,"id":9193006}]}]}
{"op":"mcm","clk":"7699941186","pt":1540036127499,"mc":[{"id":"1.149860538","rc":[{"ltp":3.95,"id":2319544},{"ltp":1.43,"id":9193006}]}]}
{"op":"mcm","clk":"7699950841","pt":1540036187559,"mc":[{"id":"1.149860538","rc":[{"ltp":2.74,"id":2319544},{"ltp":1.57,"id":9193006}]}]}
{"op":"mcm","clk":"7699959756","pt":1540036247432,"mc":[{"id":"1.149860538","rc":[{"ltp":3.3,"id":2319544},{"ltp":1.43,"id":9193006}]}]}
{"op":"mcm","clk":"7699968817","pt":1540036307553,"mc":[{"id":"1.149860538","rc":[{"ltp":4.5,"id":2319544},{"ltp":1.28,"id":9193006}]}]}
{"op":"mcm","clk":"7699997375","pt":1540036367542,"mc":[{"id":"1.149860538","rc":[{"ltp":4.4,"id":2319544},{"ltp":1.34,"id":9193006}]}]}
{"op":"mcm","clk":"7700008152","pt":1540036426992,"mc":[{"id":"1.149860538","rc":[{"ltp":3.85,"id":2319544},{"ltp":1.35,"id":9193006}]}]}
{"op":"mcm","clk":"7700017923","pt":1540036487244,"mc":[{"id":"1.149860538","rc":[{"ltp":4.2,"id":2319544},{"ltp":1.32,"id":9193006}]}]}
{"op":"mcm","clk":"7700027463","pt":1540036547518,"mc":[{"id":"1.149860538","rc":[{"ltp":3.05,"id":2319544},{"ltp":1.37,"id":9193006}]}]}
{"op":"mcm","clk":"7700037845","pt":1540036607520,"mc":[{"id":"1.149860538","rc":[{"ltp":4.6,"id":2319544},{"ltp":1.28,"id":9193006}]}]}
{"op":"mcm","clk":"7700048188","pt":1540036667521,"mc":[{"id":"1.149860538","rc":[{"ltp":4.4,"id":2319544},{"ltp":1.3,"id":9193006}]}]}
{"op":"mcm","clk":"7700060155","pt":1540036727498,"mc":[{"id":"1.149860538","rc":[{"ltp":4.3,"id":2319544}]}]}
{"op":"mcm","clk":"7700071749","pt":1540036785991,"mc":[{"id":"1.149860538","rc":[{"ltp":4.4,"id":2319544},{"ltp":1.29,"id":9193006}]}]}
{"op":"mcm","clk":"7700097127","pt":1540036907067,"mc":[{"id":"1.149860538","rc":[{"ltp":5.0,"id":2319544},{"ltp":1.25,"id":9193006}]}]}
{"op":"mcm","clk":"7700109744","pt":1540036967533,"mc":[{"id":"1.149860538","rc":[{"ltp":8.6,"id":2319544},{"ltp":1.13,"id":9193006}]}]}
{"op":"mcm","clk":"7700121835","pt":1540037026496,"mc":[{"id":"1.149860538","rc":[{"ltp":6.2,"id":2319544},{"ltp":1.15,"id":9193006}]}]}
{"op":"mcm","clk":"7700134517","pt":1540037087518,"mc":[{"id":"1.149860538","rc":[{"ltp":5.3,"id":2319544},{"ltp":1.23,"id":9193006}]}]}
{"op":"mcm","clk":"7700164857","pt":1540037207329,"mc":[{"id":"1.149860538","rc":[{"ltp":4.3,"id":2319544},{"ltp":1.29,"id":9193006}]}]}
{"op":"mcm","clk":"7700197587","pt":1540037267454,"mc":[{"id":"1.149860538","rc":[{"ltp":4.7,"id":2319544},{"ltp":1.27,"id":9193006}]}]}
{"op":"mcm","clk":"7700212100","pt":1540037327339,"mc":[{"id":"1.149860538","rc":[{"ltp":5.3,"id":2319544},{"ltp":1.23,"id":9193006}]}]}
{"op":"mcm","clk":"7700226540","pt":1540037387037,"mc":[{"id":"1.149860538","rc":[{"ltp":6.2,"id":2319544},{"ltp":1.15,"id":9193006}]}]}
{"op":"mcm","clk":"7700243471","pt":1540037447530,"mc":[{"id":"1.149860538","rc":[{"ltp":8.6,"id":2319544},{"ltp":1.13,"id":9193006}]}]}
{"op":"mcm","clk":"7700259048","pt":1540037507427,"mc":[{"id":"1.149860538","rc":[{"ltp":6.8,"id":2319544},{"ltp":1.18,"id":9193006}]}]}
{"op":"mcm","clk":"7700273767","pt":1540037567311,"mc":[{"id":"1.149860538","rc":[{"ltp":6.4,"id":2319544},{"ltp":1.16,"id":9193006}]}]}
{"op":"mcm","clk":"7700288543","pt":1540037627428,"mc":[{"id":"1.149860538","rc":[{"ltp":12.0,"id":2319544},{"ltp":1.09,"id":9193006}]}]}
{"op":"mcm","clk":"7700302507","pt":1540037687471,"mc":[{"id":"1.149860538","rc":[{"ltp":12.5,"id":2319544}]}]}
{"op":"mcm","clk":"7700329825","pt":1540037807347,"mc":[{"id":"1.149860538","rc":[{"ltp":12.0,"id":2319544}]}]}
{"op":"mcm","clk":"7700343067","pt":1540037866566,"mc":[{"id":"1.149860538","rc":[{"ltp":13.5,"id":2319544},{"ltp":1.08,"id":9193006}]}]}
{"op":"mcm","clk":"7700371183","pt":1540037987468,"mc":[{"id":"1.149860538","rc":[{"ltp":18.0,"id":2319544},{"ltp":1.06,"id":9193006}]}]}
{"op":"mcm","clk":"7700386472","pt":1540038047551,"mc":[{"id":"1.149860538","rc":[{"ltp":24.0,"id":2319544},{"ltp":1.04,"id":9193006}]}]}
{"op":"mcm","clk":"7700400836","pt":1540038107193,"mc":[{"id":"1.149860538","rc":[{"ltp":21.0,"id":2319544},{"ltp":1.06,"id":9193006}]}]}
{"op":"mcm","clk":"7700445011","pt":1540038227550,"mc":[{"id":"1.149860538","rc":[{"ltp":16.0,"id":2319544},{"ltp":1.07,"id":9193006}]}]}
{"op":"mcm","clk":"7700459045","pt":1540038287546,"mc":[{"id":"1.149860538","rc":[{"ltp":15.0,"id":2319544}]}]}
{"op":"mcm","clk":"7700472837","pt":1540038347523,"mc":[{"id":"1.149860538","rc":[{"ltp":13.5,"id":2319544},{"ltp":1.06,"id":9193006}]}]}
{"op":"mcm","clk":"7700486162","pt":1540038407453,"mc":[{"id":"1.149860538","rc":[{"ltp":12.0,"id":2319544},{"ltp":1.07,"id":9193006}]}]}
{"op":"mcm","clk":"7700499611","pt":1540038467477,"mc":[{"id":"1.149860538","rc":[{"ltp":17.5,"id":2319544},{"ltp":1.06,"id":9193006}]}]}
{"op":"mcm","clk":"7700512304","pt":1540038527320,"mc":[{"id":"1.149860538","rc":[{"ltp":34.0,"id":2319544},{"ltp":1.04,"id":9193006}]}]}
{"op":"mcm","clk":"7700526296","pt":1540038587407,"mc":[{"id":"1.149860538","rc":[{"ltp":26.0,"id":2319544}]}]}
{"op":"mcm","clk":"7700540536","pt":1540038647419,"mc":[{"id":"1.149860538","rc":[{"ltp":110.0,"id":2319544},{"ltp":1.01,"id":9193006}]}]}
{"op":"mcm","clk":"7700554209","pt":1540038707324,"mc":[{"id":"1.149860538","rc":[{"ltp":130.0,"id":2319544}]}]}
{"op":"mcm","clk":"7700568311","pt":1540038767283,"mc":[{"id":"1.149860538","rc":[{"ltp":100.0,"id":2319544}]}]}
{"op":"mcm","clk":"7700582003","pt":1540038827300,"mc":[{"id":"1.149860538","rc":[{"ltp":50.0,"id":2319544}]}]}
{"op":"mcm","clk":"7700594558","pt":1540038882491,"mc":[{"id":"1.149860538","marketDefinition":{"bspMarket":false,"turnInPlayEnabled":true,"persistenceEnabled":true,"marketBaseRate":5.0,"eventId":"28965067","eventTypeId":"2","numberOfWinners":1,"bettingType":"ODDS","marketType":"MATCH_ODDS","marketTime":"2018-10-20T10:49:00.000Z","suspendTime":"2018-10-20T10:49:00.000Z","bspReconciled":false,"complete":true,"inPlay":true,"crossMatching":true,"runnersVoidable":false,"numberOfActiveRunners":2,"betDelay":5,"status":"SUSPENDED","runners":[{"status":"ACTIVE","sortPriority":1,"id":9193006,"name":"Stefanos Tsitsipas"},{"status":"ACTIVE","sortPriority":2,"id":2319544,"name":"Fabio Fognini"}],"regulators":["MR_INT"],"countryCode":"SE","discountAllowed":true,"timezone":"UTC","openDate":"2018-10-20T10:49:00.000Z","version":2463957118,"name":"Match Odds","eventName":"Tsitsipas v Fognini"}}]}
{"op":"mcm","clk":"7700606900","pt":1540038937950,"mc":[{"id":"1.149860538","marketDefinition":{"bspMarket":false,"turnInPlayEnabled":true,"persistenceEnabled":true,"marketBaseRate":5.0,"eventId":"28965067","eventTypeId":"2","numberOfWinners":1,"bettingType":"ODDS","marketType":"MATCH_ODDS","marketTime":"2018-10-20T10:49:00.000Z","suspendTime":"2018-10-20T10:49:00.000Z","bspReconciled":false,"complete":true,"inPlay":true,"crossMatching":false,"runnersVoidable":false,"numberOfActiveRunners":0,"betDelay":5,"status":"CLOSED","settledTime":"2018-10-20T12:34:41.000Z","runners":[{"status":"WINNER","sortPriority":1,"id":9193006,"name":"Stefanos Tsitsipas"},{"status":"LOSER","sortPriority":2,"id":2319544,"name":"Fabio Fognini"}],"regulators":["MR_INT"],"countryCode":"SE","discountAllowed":true,"timezone":"UTC","openDate":"2018-10-20T10:49:00.000Z","version":2463957564,"name":"Match Odds","eventName":"Tsitsipas v Fognini"}}]}
