{"op":"mcm","clk":"7677481229","pt":1539259516190,"mc":[{"id":"1.149401338","marketDefinition":{"bspMarket":false,"turnInPlayEnabled":true,"persistenceEnabled":true,"marketBaseRate":5.0,"eventId":"28950656","eventTypeId":"2","numberOfWinners":1,"bettingType":"ODDS","marketType":"MATCH_ODDS","marketTime":"2018-10-12T12:00:00.000Z","suspendTime":"2018-10-12T12:00:00.000Z","bspReconciled":false,"complete":true,"inPlay":false,"crossMatching":true,"runnersVoidable":false,"numberOfActiveRunners":2,"betDelay":0,"status":"OPEN","runners":[{"status":"ACTIVE","sortPriority":1,"id":2251402,"name":"Roger Federer"},{"status":"ACTIVE","sortPriority":2,"id":19924834,"name":"Kei Nishikori"}],"regulators":["MR_INT"],"countryCode":"CN","discountAllowed":true,"timezone":"UTC","openDate":"2018-10-12T12:00:00.000Z","version":2449613831,"name":"Match Odds","eventName":"Federer v Nishikori"}}]}
{"op":"mcm","clk":"7677680336","pt":1539261732272,"mc":[{"id":"1.149401338","rc":[{"ltp":1.55,"id":2251402},{"ltp":2.8,"id":19924834}]}]}
{"op":"mcm","clk":"7677961297","pt":1539264453592,"mc":[{"id":"1.149401338","rc":[{"ltp":1.47,"id":2251402}]}]}
{"op":"mcm","clk":"7678021215","pt":1539265233773,"mc":[{"id":"1.149401338","rc":[{"ltp":1.49,"id":2251402}]}]}
{"op":"mcm","clk":"7678039450","pt":1539265352659,"mc":[{"id":"1.149401338","rc":[{"ltp":3.0,"id":19924834},{"ltp":1.47,"id":2251402}]}]}
{"op":"mcm","clk":"7678093272","pt":1539266071925,"mc":[{"id":"1.149401338","rc":[{"ltp":1.46,"id":2251402}]}]}
{"op":"mcm","clk":"7678102288","pt":1539266191837,"mc":[{"id":"1.149401338","rc":[{"ltp":1.48,"id":2251402}]}]}
{"op":"mcm","clk":"7678132076","pt":1539266431924,"mc":[{"id":"1.149401338","rc":[{"ltp":3.1,"id":19924834}]}]}
{"op":"mcm","clk":"7678211383","pt":1539267257858,"mc":[{"id":"1.149401338","rc":[{"ltp":1.49,"id":2251402}]}]}
{"op":"mcm","clk":"7678267735","pt":1539267854827,"mc":[{"id":"1.149401338","rc":[{"ltp":2.94,"id":19924834}]}]}
{"op":"mcm","clk":"7678402839","pt":1539269148938,"mc":[{"id":"1.149401338","rc":[{"ltp":1.51,"id":2251402}]}]}
{"op":"mcm","clk":"7678524382","pt":1539270387031,"mc":[{"id":"1.149401338","rc":[{"ltp":1.5,"id":2251402},{"ltp":3.0,"id":19924834}]}]}
{"op":"mcm","clk":"7678582219","pt":1539270849141,"mc":[{"id":"1.149401338","rc":[{"ltp":3.05,"id":19924834}]}]}
{"op":"mcm","clk":"7678821983","pt":1539272950863,"mc":[{"id":"1.149401338","rc":[{"ltp":3.0,"id":19924834}]}]}
{"op":"mcm","clk":"7678934813","pt":1539273943318,"mc":[{"id":"1.149401338","rc":[{"ltp":3.05,"id":19924834}]}]}
{"op":"mcm","clk":"7679167680","pt":1539275949650,"mc":[{"id":"1.149401338","rc":[{"ltp":1.49,"id":2251402}]}]}
{"op":"mcm","clk":"7679277888","pt":1539276978550,"mc":[{"id":"1.149401338","rc":[{"ltp":3.0,"id":19924834}]}]}
{"op":"mcm","clk":"7679496494","pt":1539278731845,"mc":[{"id":"1.149401338","rc":[{"ltp":1.5,"id":2251402}]}]}
{"op":"mcm","clk":"7679500952","pt":1539278767812,"mc":[{"id":"1.149401338","rc":[{"ltp":2.98,"id":19924834}]}]}
{"op":"mcm","clk":"7679636157","pt":1539279827794,"mc":[{"id":"1.149401338","rc":[{"ltp":3.0,"id":19924834}]}]}
{"op":"mcm","clk":"7679724858","pt":1539280630755,"mc":[{"id":"1.149401338","rc":[{"ltp":3.05,"id":19924834}]}]}
{"op":"mcm","clk":"7679754092","pt":1539280889735,"mc":[{"id":"1.149401338","rc":[{"ltp":3.0,"id":19924834}]}]}
{"op":"mcm","clk":"7679819712","pt":1539281397380,"mc":[{"id":"1.149401338","rc":[{"ltp":1.49,"id":2251402}]}]}
{"op":"mcm","clk":"7680050679","pt":1539283006944,"mc":[{"id":"1.149401338","rc":[{"ltp":1.5,"id":2251402}]}]}
{"op":"mcm","clk":"7680062922","pt":1539283099506,"mc":[{"id":"1.149401338","rc":[{"ltp":1.51,"id":2251402}]}]}
{"op":"mcm","clk":"7680172790","pt":1539283867944,"mc":[{"id":"1.149401338","rc":[{"ltp":2.98,"id":19924834}]}]}
{"op":"mcm","clk":"7680256221","pt":1539284423264,"mc":[{"id":"1.149401338","rc":[{"ltp":1.5,"id":2251402},{"ltp":3.0,"id":19924834}]}]}
{"op":"mcm","clk":"7680294991","pt":1539284718109,"mc":[{"id":"1.149401338","rc":[{"ltp":2.98,"id":19924834}]}]}
{"op":"mcm","clk":"7680347314","pt":1539285091656,"mc":[{"id":"1.149401338","rc":[{"ltp":3.0,"id":19924834}]}]}
{"op":"mcm","clk":"7680388032","pt":1539285328323,"mc":[{"id":"1.149401338","rc":[{"ltp":1.49,"id":2251402}]}]}
{"op":"mcm","clk":"7680434464","pt":1539285690049,"mc":[{"id":"1.149401338","rc":[{"ltp":1.48,"id":2251402},{"ltp":3.05,"id":19924834}]}]}
{"op":"mcm","clk":"7680498292","pt":1539286091226,"mc":[{"id":"1.149401338","rc":[{"ltp":1.49,"id":2251402}]}]}
{"op":"mcm","clk":"7680505734","pt":1539286151415,"mc":[{"id":"1.149401338","rc":[{"ltp":1.48,"id":2251402}]}]}
{"op":"mcm","clk":"7680519298","pt":1539286267045,"mc":[{"id":"1.149401338","rc":[{"ltp":3.1,"id":19924834}]}]}
{"op":"mcm","clk":"7680785606","pt":1539288440302,"mc":[{"id":"1.149401338","rc":[{"ltp":3.05,"id":19924834}]}]}
{"op":"mcm","clk":"7680809196","pt":1539288647541,"mc":[{"id":"1.149401338","rc":[{"ltp":3.1,"id":19924834}]}]}
{"op":"mcm","clk":"7680917966","pt":1539289593838,"mc":[{"id":"1.149401338","rc":[{"ltp":3.15,"id":19924834}]}]}
{"op":"mcm","clk":"7680933797","pt":1539289650490,"mc":[{"id":"1.149401338","rc":[{"ltp":1.49,"id":2251402}]}]}
{"op":"mcm","clk":"7680938824","pt":1539289700656,"mc":[{"id":"1.149401338","rc":[{"ltp":1.47,"id":2251402}]}]}
{"op":"mcm","clk":"7680959845","pt":1539289915466,"mc":[{"id":"1.149401338","rc":[{"ltp":1.48,"id":2251402}]}]}
{"op":"mcm","clk":"7681018670","pt":1539290613814,"mc":[{"id":"1.149401338","rc":[{"ltp":3.1,"id":19924834}]}]}
{"op":"mcm","clk":"7681019724","pt":1539290630093,"mc":[{"id":"1.149401338","rc":[{"ltp":1.47,"id":2251402}]}]}
{"op":"mcm","clk":"7681047142","pt":1539291160817,"mc":[{"id":"1.149401338","rc":[{"ltp":3.15,"id":19924834}]}]}
{"op":"mcm","clk":"7681071766","pt":1539291490831,"mc":[{"id":"1.149401338","rc":[{"ltp":1.48,"id":2251402}]}]}
{"op":"mcm","clk":"7681075323","pt":1539291562394,"mc":[{"id":"1.149401338","rc":[{"ltp":3.05,"id":19924834}]}]}
{"op":"mcm","clk":"7681086701","pt":1539291769862,"mc":[{"id":"1.149401338","rc":[{"ltp":1.46,"id":2251402}]}]}
{"op":"mcm","clk":"7681096294","pt":1539291985983,"mc":[{"id":"1.149401338","rc":[{"ltp":3.15,"id":19924834}]}]}
{"op":"mcm","clk":"7681103140","pt":1539292109155,"mc":[{"id":"1.149401338","rc":[{"ltp":3.05,"id":19924834}]}]}
{"op":"mcm","clk":"7681124202","pt":1539292350342,"mc":[{"id":"1.149401338","rc":[{"ltp":1.48,"id":2251402}]}]}
{"op":"mcm","clk":"7681146155","pt":1539292823837,"mc":[{"id":"1.149401338","rc":[{"ltp":1.46,"id":2251402},{"ltp":3.1,"id":19924834}]}]}
{"op":"mcm","clk":"7681239939","pt":1539294382507,"mc":[{"id":"1.149401338","rc":[{"ltp":3.2,"id":19924834}]}]}
{"op":"mcm","clk":"7681251374","pt":1539294616521,"mc":[{"id":"1.149401338","rc":[{"ltp":3.15,"id":19924834}]}]}
{"op":"mcm","clk":"7681259485","pt":1539294812088,"mc":[{"id":"1.149401338","rc":[{"ltp":3.05,"id":19924834},{"ltp":1.47,"id":2251402}]}]}
{"op":"mcm","clk":"7681260966","pt":1539294844254,"mc":[{"id":"1.149401338","rc":[{"ltp":1.48,"id":2251402}]}]}
{"op":"mcm","clk":"7681262895","pt":1539294893633,"mc":[{"id":"1.149401338","rc":[{"ltp":1.49,"id":2251402}]}]}
{"op":"mcm","clk":"7681266426","pt":1539294985530,"mc":[{"id":"1.149401338","rc":[{"ltp":3.0,"id":19924834},{"ltp":1.47,"id":2251402}]}]}
{"op":"mcm","clk":"7681282442","pt":1539295133461,"mc":[{"id":"1.149401338","rc":[{"ltp":3.1,"id":19924834},{"ltp":1.48,"id":2251402}]}]}
{"op":"mcm","clk":"7681289030","pt":1539295293160,"mc":[{"id":"1.149401338","rc":[{"ltp":1.47,"id":2251402}]}]}
{"op":"mcm","clk":"7681309494","pt":1539295750965,"mc":[{"id":"1.149401338","rc":[{"ltp":1.46,"id":2251402}]}]}
{"op":"mcm","clk":"7681317216","pt":1539295922909,"mc":[{"id":"1.149401338","rc":[{"ltp":1.48,"id":2251402}]}]}
{"op":"mcm","clk":"7681337719","pt":1539296169926,"mc":[{"id":"1.149401338","rc":[{"ltp":3.05,"id":19924834}]}]}
{"op":"mcm","clk":"7681343479","pt":1539296305771,"mc":[{"id":"1.149401338","rc":[{"ltp":3.0,"id":19924834}]}]}
{"op":"mcm","clk":"7681363590","pt":1539296761652,"mc":[{"id":"1.149401338","rc":[{"ltp":1.47,"id":2251402}]}]}
{"op":"mcm","clk":"7681400019","pt":1539297326395,"mc":[{"id":"1.149401338","rc":[{"ltp":1.49,"id":2251402},{"ltp":3.05,"id":19924834}]}]}
{"op":"mcm","clk":"7681403172","pt":1539297390688,"mc":[{"id":"1.149401338","rc":[{"ltp":1.48,"id":2251402}]}]}
{"op":"mcm","clk":"7681457285","pt":1539298214410,"mc":[{"id":"1.149401338","rc":[{"ltp":1.49,"id":2251402}]}]}
{"op":"mcm","clk":"7681475349","pt":1539298565063,"mc":[{"id":"1.149401338","rc":[{"ltp":1.5,"id":2251402},{"ltp":3.0,"id":19924834}]}]}
{"op":"mcm","clk":"7681537359","pt":1539299426776,"mc":[{"id":"1.149401338","rc":[{"ltp":1.48,"id":2251402}]}]}
{"op":"mcm","clk":"7681566566","pt":1539299794036,"mc":[{"id":"1.149401338","rc":[{"ltp":1.5,"id":2251402}]}]}
{"op":"mcm","clk":"7681639238","pt":1539300871558,"mc":[{"id":"1.149401338","rc":[{"ltp":1.49,"id":2251402}]}]}
{"op":"mcm","clk":"7681643282","pt":1539300933484,"mc":[{"id":"1.149401338","rc":[{"ltp":2.98,"id":19924834}]}]}
{"op":"mcm","clk":"7681663630","pt":1539301305211,"mc":[{"id":"1.149401338","rc":[{"ltp":1.51,"id":2251402}]}]}
{"op":"mcm","clk":"7681759352","pt":1539302660961,"mc":[{"id":"1.149401338","rc":[{"ltp":1.49,"id":2251402}]}]}
{"op":"mcm","clk":"7681863651","pt":1539304345300,"mc":[{"id":"1.149401338","rc":[{"ltp":3.0,"id":19924834},{"ltp":1.5,"id":2251402}]}]}
{"op":"mcm","clk":"7681893120","pt":1539304831857,"mc":[{"id":"1.149401338","rc":[{"ltp":1.48,"id":2251402}]}]}
{"op":"mcm","clk":"7681973816","pt":1539306200461,"mc":[{"id":"1.149401338","rc":[{"ltp":1.49,"id":2251402},{"ltp":3.05,"id":19924834}]}]}
{"op":"mcm","clk":"7681997479","pt":1539306632117,"mc":[{"id":"1.149401338","rc":[{"ltp":1.48,"id":2251402}]}]}
{"op":"mcm","clk":"7682047835","pt":1539307449605,"mc":[{"id":"1.149401338","rc":[{"ltp":3.0,"id":19924834}]}]}
{"op":"mcm","clk":"7682067676","pt":1539307673740,"mc":[{"id":"1.149401338","rc":[{"ltp":1.49,"id":2251402}]}]}
{"op":"mcm","clk":"7682094268","pt":1539308181558,"mc":[{"id":"1.149401338","rc":[{"ltp":1.48,"id":2251402}]}]}
{"op":"mcm","clk":"7682109761","pt":1539308481590,"mc":[{"id":"1.149401338","rc":[{"ltp":3.05,"id":19924834}]}]}
{"op":"mcm","clk":"7682135939","pt":1539308768032,"mc":[{"id":"1.149401338","rc":[{"ltp":3.0,"id":19924834}]}]}
{"op":"mcm","clk":"7682192404","pt":1539309617094,"mc":[{"id":"1.149401338","rc":[{"ltp":1.49,"id":2251402}]}]}
{"op":"mcm","clk":"7682287914","pt":1539311125608,"mc":[{"id":"1.149401338","rc":[{"ltp":1.48,"id":2251402}]}]}
{"op":"mcm","clk":"7682321588","pt":1539311604462,"mc":[{"id":"1.149401338","rc":[{"ltp":1.49,"id":2251402}]}]}
{"op":"mcm","clk":"7682376536","pt":1539312383953,"mc":[{"id":"1.149401338","rc":[{"ltp":1.5,"id":2251402}]}]}
{"op":"mcm","clk":"7682456687","pt":1539313912375,"mc":[{"id":"1.149401338","rc":[{"ltp":2.98,"id":19924834}]}]}
{"op":"mcm","clk":"7682508628","pt":1539314818953,"mc":[{"id":"1.149401338","rc":[{"ltp":3.0,"id":19924834}]}]}
{"op":"mcm","clk":"7682543273","pt":1539315313498,"mc":[{"id":"1.149401338","rc":[{"ltp":1.51,"id":2251402},{"ltp":2.98,"id":19924834}]}]}
{"op":"mcm","clk":"7682602562","pt":1539316406057,"mc":[{"id":"1.149401338","rc":[{"ltp":3.0,"id":19924834}]}]}
{"op":"mcm","clk":"7682606370","pt":1539316504687,"mc":[{"id":"1.149401338","rc":[{"ltp":1.5,"id":2251402}]}]}
{"op":"mcm","clk":"7682799350","pt":1539319373678,"mc":[{"id":"1.149401338","rc":[{"ltp":1.49,"id":2251402}]}]}
{"op":"mcm","clk":"7682820092","pt":1539319822054,"mc":[{"id":"1.149401338","rc":[{"ltp":3.05,"id":19924834}]}]}
{"op":"mcm","clk":"7682828641","pt":1539319988807,"mc":[{"id":"1.149401338","rc":[{"ltp":1.5,"id":2251402}]}]}
{"op":"mcm","clk":"7682857279","pt":1539320393582,"mc":[{"id":"1.149401338","rc":[{"ltp":3.0,"id":19924834}]}]}
{"op":"mcm","clk":"7682875821","pt":1539320780830,"mc":[{"id":"1.149401338","rc":[{"ltp":1.49,"id":2251402}]}]}
{"op":"mcm","clk":"7682908633","pt":1539321273983,"mc":[{"id":"1.149401338","rc":[{"ltp":1.5,"id":2251402}]}]}
{"op":"mcm","clk":"7682935083","pt":1539321738610,"mc":[{"id":"1.149401338","rc":[{"ltp":1.49,"id":2251402}]}]}
{"op":"mcm","clk":"7682961992","pt":1539322052587,"mc":[{"id":"1.149401338","rc":[{"ltp":1.5,"id":2251402}]}]}
{"op":"mcm","clk":"7682964488","pt":1539322098005,"mc":[{"id":"1.149401338","rc":[{"ltp":2.98,"id":19924834}]}]}
{"op":"mcm","clk":"7682970076","pt":1539322226135,"mc":[{"id":"1.149401338","rc":[{"ltp":2.96,"id":19924834},{"ltp":1.51,"id":2251402}]}]}
{"op":"mcm","clk":"7682973858","pt":1539322292045,"mc":[{"id":"1.149401338","rc":[{"ltp":2.98,"id":19924834},{"ltp":1.52,"id":2251402}]}]}
{"op":"mcm","clk":"7682981729","pt":1539322413180,"mc":[{"id":"1.149401338","rc":[{"ltp":2.94,"id":19924834}]}]}
{"op":"mcm","clk":"7682984534","pt":1539322465588,"mc":[{"id":"1.149401338","rc":[{"ltp":1.51,"id":2251402}]}]}
{"op":"mcm","clk":"7682996566","pt":1539322712199,"mc":[{"id":"1.149401338","rc":[{"ltp":1.5,"id":2251402}]}]}
{"op":"mcm","clk":"7683006561","pt":1539322891146,"mc":[{"id":"1.149401338","rc":[{"ltp":3.0,"id":19924834}]}]}
{"op":"mcm","clk":"7683024488","pt":1539323034646,"mc":[{"id":"1.149401338","rc":[{"ltp":1.52,"id":2251402}]}]}
{"op":"mcm","clk":"7683043354","pt":1539323369828,"mc":[{"id":"1.149401338","rc":[{"ltp":1.5,"id":2251402}]}]}
{"op":"mcm","clk":"7683094786","pt":1539324029220,"mc":[{"id":"1.149401338","rc":[{"ltp":1.51,"id":2251402}]}]}
{"op":"mcm","clk":"7683115110","pt":1539324390312,"mc":[{"id":"1.149401338","rc":[{"ltp":1.5,"id":2251402}]}]}
{"op":"mcm","clk":"7683118949","pt":1539324453759,"mc":[{"id":"1.149401338","rc":[{"ltp":1.51,"id":2251402}]}]}
{"op":"mcm","clk":"7683120877","pt":1539324486770,"mc":[{"id":"1.149401338","rc":[{"ltp":1.5,"id":2251402}]}]}
{"op":"mcm","clk":"7683155892","pt":1539324986560,"mc":[{"id":"1.149401338","rc":[{"ltp":1.51,"id":2251402}]}]}
{"op":"mcm","clk":"7683162048","pt":1539325113132,"mc":[{"id":"1.149401338","rc":[{"ltp":2.98,"id":19924834}]}]}
{"op":"mcm","clk":"7683221757","pt":1539325991083,"mc":[{"id":"1.149401338","rc":[{"ltp":1.5,"id":2251402}]}]}
{"op":"mcm","clk":"7683226841","pt":1539326071628,"mc":[{"id":"1.149401338","rc":[{"ltp":3.0,"id":19924834}]}]}
{"op":"mcm","clk":"7683229315","pt":1539326115692,"mc":[{"id":"1.149401338","rc":[{"ltp":1.51,"id":2251402}]}]}
{"op":"mcm","clk":"7683236521","pt":1539326247946,"mc":[{"id":"1.149401338","rc":[{"ltp":1.5,"id":2251402}]}]}
{"op":"mcm","clk":"7683273576","pt":1539326730538,"mc":[{"id":"1.149401338","rc":[{"ltp":3.05,"id":19924834},{"ltp":1.48,"id":2251402}]}]}
{"op":"mcm","clk":"7683286348","pt":1539326973271,"mc":[{"id":"1.149401338","rc":[{"ltp":1.47,"id":2251402}]}]}
{"op":"mcm","clk":"7683291479","pt":1539327064078,"mc":[{"id":"1.149401338","rc":[{"ltp":1.48,"id":2251402}]}]}
{"op":"mcm","clk":"7683295775","pt":1539327144643,"mc":[{"id":"1.149401338","rc":[{"ltp":1.49,"id":2251402}]}]}
{"op":"mcm","clk":"7683299598","pt":1539327207811,"mc":[{"id":"1.149401338","rc":[{"ltp":1.48,"id":2251402}]}]}
{"op":"mcm","clk":"7683378476","pt":1539328274202,"mc":[{"id":"1.149401338","rc":[{"ltp":1.49,"id":2251402}]}]}
{"op":"mcm","clk":"7683420216","pt":1539328710706,"mc":[{"id":"1.149401338","rc":[{"ltp":3.0,"id":19924834}]}]}
{"op":"mcm","clk":"7683434418","pt":1539328884256,"mc":[{"id":"1.149401338","rc":[{"ltp":1.5,"id":2251402}]}]}
{"op":"mcm","clk":"7683437281","pt":1539328929884,"mc":[{"id":"1.149401338","rc":[{"ltp":1.49,"id":2251402}]}]}
{"op":"mcm","clk":"7683452665","pt":1539329176351,"mc":[{"id":"1.149401338","rc":[{"ltp":1.5,"id":2251402}]}]}
{"op":"mcm","clk":"7683471201","pt":1539329311391,"mc":[{"id":"1.149401338","rc":[{"ltp":1.48,"id":2251402},{"ltp":3.05,"id":19924834}]}]}
{"op":"mcm","clk":"7683475062","pt":1539329371388,"mc":[{"id":"1.149401338","rc":[{"ltp":1.49,"id":2251402}]}]}
{"op":"mcm","clk":"7683478705","pt":1539329429125,"mc":[{"id":"1.149401338","rc":[{"ltp":3.0,"id":19924834}]}]}
{"op":"mcm","clk":"7683511420","pt":1539329911523,"mc":[{"id":"1.149401338","rc":[{"ltp":1.48,"id":2251402}]}]}
{"op":"mcm","clk":"7683521577","pt":1539330084241,"mc":[{"id":"1.149401338","rc":[{"ltp":1.49,"id":2251402}]}]}
{"op":"mcm","clk":"7683542561","pt":1539330263961,"mc":[{"id":"1.149401338","rc":[{"ltp":1.48,"id":2251402}]}]}
{"op":"mcm","clk":"7683546638","pt":1539330328000,"mc":[{"id":"1.149401338","rc":[{"ltp":1.49,"id":2251402}]}]}
{"op":"mcm","clk":"7683563774","pt":1539330569526,"mc":[{"id":"1.149401338","rc":[{"ltp":1.48,"id":2251402}]}]}
{"op":"mcm","clk":"7683580389","pt":1539330777517,"mc":[{"id":"1.149401338","rc":[{"ltp":3.1,"id":19924834}]}]}
{"op":"mcm","clk":"7683613794","pt":1539331121871,"mc":[{"id":"1.149401338","rc":[{"ltp":1.49,"id":2251402}]}]}
{"op":"mcm","clk":"7683626861","pt":1539331291954,"mc":[{"id":"1.149401338","rc":[{"ltp":1.48,"id":2251402}]}]}
{"op":"mcm","clk":"7683630686","pt":1539331342090,"mc":[{"id":"1.149401338","rc":[{"ltp":3.0,"id":19924834}]}]}
{"op":"mcm","clk":"7683649005","pt":1539331568381,"mc":[{"id":"1.149401338","rc":[{"ltp":1.49,"id":2251402}]}]}
{"op":"mcm","clk":"7683664905","pt":1539331773866,"mc":[{"id":"1.149401338","rc":[{"ltp":1.48,"id":2251402}]}]}
{"op":"mcm","clk":"7683686091","pt":1539331938810,"mc":[{"id":"1.149401338","rc":[{"ltp":1.49,"id":2251402}]}]}
{"op":"mcm","clk":"7683695628","pt":1539332073943,"mc":[{"id":"1.149401338","rc":[{"ltp":3.05,"id":19924834},{"ltp":1.48,"id":2251402}]}]}
{"op":"mcm","clk":"7683732561","pt":1539332553340,"mc":[{"id":"1.149401338","rc":[{"ltp":3.1,"id":19924834},{"ltp":1.47,"id":2251402}]}]}
{"op":"mcm","clk":"7683734743","pt":1539332580031,"mc":[{"id":"1.149401338","rc":[{"ltp":3.15,"id":19924834},{"ltp":1.46,"id":2251402}]}]}
{"op":"mcm","clk":"7683744858","pt":1539332729001,"mc":[{"id":"1.149401338","rc":[{"ltp":3.2,"id":19924834}]}]}
{"op":"mcm","clk":"7683762349","pt":1539332854000,"mc":[{"id":"1.149401338","rc":[{"ltp":3.15,"id":19924834},{"ltp":1.47,"id":2251402}]}]}
{"op":"mcm","clk":"7683781423","pt":1539333144014,"mc":[{"id":"1.149401338","rc":[{"ltp":1.46,"id":2251402}]}]}
{"op":"mcm","clk":"7683795300","pt":1539333324917,"mc":[{"id":"1.149401338","rc":[{"ltp":1.47,"id":2251402}]}]}
{"op":"mcm","clk":"7683809661","pt":1539333564523,"mc":[{"id":"1.149401338","rc":[{"ltp":3.1,"id":19924834},{"ltp":1.48,"id":2251402}]}]}
{"op":"mcm","clk":"7683813286","pt":1539333624850,"mc":[{"id":"1.149401338","rc":[{"ltp":1.47,"id":2251402}]}]}
{"op":"mcm","clk":"7683817238","pt":1539333691692,"mc":[{"id":"1.149401338","rc":[{"ltp":1.46,"id":2251402}]}]}
{"op":"mcm","clk":"7683833732","pt":1539333800188,"mc":[{"id":"1.149401338","rc":[{"ltp":1.47,"id":2251402}]}]}
{"op":"mcm","clk":"7683840512","pt":1539333904129,"mc":[{"id":"1.149401338","rc":[{"ltp":1.46,"id":2251402},{"ltp":3.2,"id":19924834}]}]}
{"op":"mcm","clk":"7683852206","pt":1539334052880,"mc":[{"id":"1.149401338","rc":[{"ltp":1.48,"id":2251402},{"ltp":3.1,"id":19924834}]}]}
{"op":"mcm","clk":"7683856534","pt":1539334113506,"mc":[{"id":"1.149401338","rc":[{"ltp":1.49,"id":2251402}]}]}
{"op":"mcm","clk":"7683860797","pt":1539334170360,"mc":[{"id":"1.149401338","rc":[{"ltp":1.48,"id":2251402}]}]}
{"op":"mcm","clk":"7683868055","pt":1539334274010,"mc":[{"id":"1.149401338","rc":[{"ltp":1.49,"id":2251402}]}]}
{"op":"mcm","clk":"7683880695","pt":1539334472572,"mc":[{"id":"1.149401338","rc":[{"ltp":3.05,"id":19924834}]}]}
{"op":"mcm","clk":"7683888288","pt":1539334593612,"mc":[{"id":"1.149401338","rc":[{"ltp":1.48,"id":2251402}]}]}
{"op":"mcm","clk":"7683917368","pt":1539334887705,"mc":[{"id":"1.149401338","rc":[{"ltp":3.1,"id":19924834}]}]}
{"op":"mcm","clk":"7683939377","pt":1539335131117,"mc":[{"id":"1.149401338","rc":[{"ltp":3.05,"id":19924834}]}]}
{"op":"mcm","clk":"7683940828","pt":1539335148683,"mc":[{"id":"1.149401338","rc":[{"ltp":1.49,"id":2251402}]}]}
{"op":"mcm","clk":"7683948992","pt":1539335247544,"mc":[{"id":"1.149401338","rc":[{"ltp":1.48,"id":2251402}]}]}
{"op":"mcm","clk":"7683966954","pt":1539335485089,"mc":[{"id":"1.149401338","rc":[{"ltp":1.49,"id":2251402}]}]}
{"op":"mcm","clk":"7683991586","pt":1539335666995,"mc":[{"id":"1.149401338","rc":[{"ltp":1.48,"id":2251402}]}]}
{"op":"mcm","clk":"7683994421","pt":1539335701887,"mc":[{"id":"1.149401338","rc":[{"ltp":1.49,"id":2251402}]}]}
{"op":"mcm","clk":"7684000079","pt":1539335776400,"mc":[{"id":"1.149401338","rc":[{"ltp":1.48,"id":2251402}]}]}
{"op":"mcm","clk":"7684041177","pt":1539336329352,"mc":[{"id":"1.149401338","rc":[{"ltp":1.49,"id":2251402}]}]}
{"op":"mcm","clk":"7684042813","pt":1539336350575,"mc":[{"id":"1.149401338","rc":[{"ltp":3.0,"id":19924834}]}]}
{"op":"mcm","clk":"7684065702","pt":1539336511616,"mc":[{"id":"1.149401338","rc":[{"ltp":1.48,"id":2251402}]}]}
{"op":"mcm","clk":"7684069717","pt":1539336562254,"mc":[{"id":"1.149401338","rc":[{"ltp":3.1,"id":19924834}]}]}
{"op":"mcm","clk":"7684072852","pt":1539336604675,"mc":[{"id":"1.149401338","rc":[{"ltp":3.05,"id":19924834}]}]}
{"op":"mcm","clk":"7684107220","pt":1539336987857,"mc":[{"id":"1.149401338","rc":[{"ltp":1.47,"id":2251402}]}]}
{"op":"mcm","clk":"7684112078","pt":1539337053991,"mc":[{"id":"1.149401338","rc":[{"ltp":3.15,"id":19924834}]}]}
{"op":"mcm","clk":"7684116645","pt":1539337110625,"mc":[{"id":"1.149401338","rc":[{"ltp":1.46,"id":2251402}]}]}
{"op":"mcm","clk":"7684130924","pt":1539337289685,"mc":[{"id":"1.149401338","rc":[{"ltp":1.47,"id":2251402},{"ltp":3.2,"id":19924834}]}]}
{"op":"mcm","clk":"7684144545","pt":1539337334264,"mc":[{"id":"1.149401338","rc":[{"ltp":1.46,"id":2251402}]}]}
{"op":"mcm","clk":"7684156036","pt":1539337465334,"mc":[{"id":"1.149401338","rc":[{"ltp":3.15,"id":19924834}]}]}
{"op":"mcm","clk":"7684157028","pt":1539337476305,"mc":[{"id":"1.149401338","rc":[{"ltp":3.1,"id":19924834}]}]}
{"op":"mcm","clk":"7684173582","pt":1539337653741,"mc":[{"id":"1.149401338","rc":[{"ltp":3.2,"id":19924834},{"ltp":1.47,"id":2251402}]}]}
{"op":"mcm","clk":"7684177485","pt":1539337699031,"mc":[{"id":"1.149401338","rc":[{"ltp":3.15,"id":19924834},{"ltp":1.45,"id":2251402}]}]}
{"op":"mcm","clk":"7684184031","pt":1539337771722,"mc":[{"id":"1.149401338","rc":[{"ltp":1.46,"id":2251402}]}]}
{"op":"mcm","clk":"7684189503","pt":1539337831668,"mc":[{"id":"1.149401338","marketDefinition":{"bspMarket":false,"turnInPlayEnabled":true,"persistenceEnabled":true,"marketBaseRate":5.0,"eventId":"28950656","eventTypeId":"2","numberOfWinners":1,"bettingType":"ODDS","marketType":"MATCH_ODDS","marketTime":"2018-10-12T11:49:00.000Z","suspendTime":"2018-10-12T11:49:00.000Z","bspReconciled":false,"complete":true,"inPlay":false,"crossMatching":true,"runnersVoidable":false,"numberOfActiveRunners":2,"betDelay":0,"status":"OPEN","runners":[{"status":"ACTIVE","sortPriority":1,"id":2251402,"name":"Roger Federer"},{"status":"ACTIVE","sortPriority":2,"id":19924834,"name":"Kei Nishikori"}],"regulators":["MR_INT"],"countryCode":"CN","discountAllowed":true,"timezone":"UTC","openDate":"2018-10-12T11:49:00.000Z","version":2450548526,"name":"Match Odds","eventName":"Federer v Nishikori"},"rc":[{"ltp":1.47,"id":2251402}]}]}
{"op":"mcm","clk":"7684194087","pt":1539337887995,"mc":[{"id":"1.149401338","rc":[{"ltp":1.46,"id":2251402}]}]}
{"op":"mcm","clk":"7684199523","pt":1539337950736,"mc":[{"id":"1.149401338","rc":[{"ltp":1.47,"id":2251402}]}]}
{"op":"mcm","clk":"7684204668","pt":1539338011848,"mc":[{"id":"1.149401338","rc":[{"ltp":1.45,"id":2251402}]}]}
{"op":"mcm","clk":"7684210533","pt":1539338070181,"mc":[{"id":"1.149401338","rc":[{"ltp":3.2,"id":19924834}]}]}
{"op":"mcm","clk":"7684236175","pt":1539338247372,"mc":[{"id":"1.149401338","rc":[{"ltp":3.15,"id":19924834},{"ltp":1.46,"id":2251402}]}]}
{"op":"mcm","clk":"7684241516","pt":1539338312097,"mc":[{"id":"1.149401338","rc":[{"ltp":1.47,"id":2251402}]}]}
{"op":"mcm","clk":"7684247343","pt":1539338374051,"mc":[{"id":"1.149401338","rc":[{"ltp":3.2,"id":19924834},{"ltp":1.46,"id":2251402}]}]}
{"op":"mcm","clk":"7684259038","pt":1539338491651,"mc":[{"id":"1.149401338","rc":[{"ltp":3.15,"id":19924834},{"ltp":1.47,"id":2251402}]}]}
{"op":"mcm","clk":"7684271726","pt":1539338613692,"mc":[{"id":"1.149401338","rc":[{"ltp":3.1,"id":19924834},{"ltp":1.46,"id":2251402}]}]}
{"op":"mcm","clk":"7684277642","pt":1539338672452,"mc":[{"id":"1.149401338","rc":[{"ltp":1.47,"id":2251402}]}]}
{"op":"mcm","clk":"7684279991","pt":1539338694441,"mc":[{"id":"1.149401338","rc":[{"ltp":1.46,"id":2251402}]}]}
{"op":"mcm","clk":"7684289572","pt":1539338793678,"mc":[{"id":"1.149401338","rc":[{"ltp":3.15,"id":19924834}]}]}
{"op":"mcm","clk":"7684295175","pt":1539338847431,"mc":[{"id":"1.149401338","rc":[{"ltp":3.1,"id":19924834}]}]}
{"op":"mcm","clk":"7684306310","pt":1539338968896,"mc":[{"id":"1.149401338","rc":[{"ltp":3.15,"id":19924834}]}]}
{"op":"mcm","clk":"7684312160","pt":1539339029776,"mc":[{"id":"1.149401338","rc":[{"ltp":1.47,"id":2251402}]}]}
{"op":"mcm","clk":"7684320036","pt":1539339094086,"mc":[{"id":"1.149401338","rc":[{"ltp":3.2,"id":19924834},{"ltp":1.46,"id":2251402}]}]}
{"op":"mcm","clk":"7684341616","pt":1539339213144,"mc":[{"id":"1.149401338","rc":[{"ltp":3.15,"id":19924834},{"ltp":1.45,"id":2251402}]}]}
{"op":"mcm","clk":"7684345150","pt":1539339249043,"mc":[{"id":"1.149401338","rc":[{"ltp":1.47,"id":2251402}]}]}
{"op":"mcm","clk":"7684359081","pt":1539339393596,"mc":[{"id":"1.149401338","rc":[{"ltp":1.46,"id":2251402}]}]}
{"op":"mcm","clk":"7684369522","pt":1539339507149,"mc":[{"id":"1.149401338","rc":[{"ltp":3.2,"id":19924834},{"ltp":1.45,"id":2251402}]}]}
{"op":"mcm","clk":"7684381407","pt":1539339633017,"mc":[{"id":"1.149401338","rc":[{"ltp":1.46,"id":2251402}]}]}
{"op":"mcm","clk":"7684397022","pt":1539339813952,"mc":[{"id":"1.149401338","rc":[{"ltp":3.15,"id":19924834}]}]}
{"op":"mcm","clk":"7684410318","pt":1539339971371,"mc":[{"id":"1.149401338","rc":[{"ltp":1.45,"id":2251402}]}]}
{"op":"mcm","clk":"7684427436","pt":1539340047213,"mc":[{"id":"1.149401338","rc":[{"ltp":3.2,"id":19924834}]}]}
{"op":"mcm","clk":"7684438989","pt":1539340173856,"mc":[{"id":"1.149401338","rc":[{"ltp":1.46,"id":2251402}]}]}
{"op":"mcm","clk":"7684448910","pt":1539340273941,"mc":[{"id":"1.149401338","rc":[{"ltp":1.45,"id":2251402}]}]}
{"op":"mcm","clk":"7684481644","pt":1539340601904,"mc":[{"id":"1.149401338","rc":[{"ltp":3.15,"id":19924834}]}]}
{"op":"mcm","clk":"7684522514","pt":1539340944739,"mc":[{"id":"1.149401338","rc":[{"ltp":1.46,"id":2251402}]}]}
{"op":"mcm","clk":"7684545176","pt":1539341191924,"mc":[{"id":"1.149401338","rc":[{"ltp":3.2,"id":19924834}]}]}
{"op":"mcm","clk":"7684546644","pt":1539341207585,"mc":[{"id":"1.149401338","rc":[{"ltp":1.45,"id":2251402}]}]}
{"op":"mcm","clk":"7684566622","pt":1539341430277,"mc":[{"id":"1.149401338","rc":[{"ltp":1.46,"id":2251402}]}]}
{"op":"mcm","clk":"7684578309","pt":1539341574720,"mc":[{"id":"1.149401338","rc":[{"ltp":3.15,"id":19924834}]}]}
{"op":"mcm","clk":"7684583163","pt":1539341640763,"mc":[{"id":"1.149401338","rc":[{"ltp":1.45,"id":2251402}]}]}
{"op":"mcm","clk":"7684610915","pt":1539341854046,"mc":[{"id":"1.149401338","rc":[{"ltp":1.46,"id":2251402},{"ltp":3.2,"id":19924834}]}]}
{"op":"mcm","clk":"7684615727","pt":1539341907785,"mc":[{"id":"1.149401338","rc":[{"ltp":3.15,"id":19924834}]}]}
{"op":"mcm","clk":"7684620300","pt":1539341961602,"mc":[{"id":"1.149401338","rc":[{"ltp":1.47,"id":2251402}]}]}
{"op":"mcm","clk":"7684626877","pt":1539342034078,"mc":[{"id":"1.149401338","rc":[{"ltp":3.1,"id":19924834}]}]}
{"op":"mcm","clk":"7684632395","pt":1539342093801,"mc":[{"id":"1.149401338","rc":[{"ltp":1.46,"id":2251402},{"ltp":3.15,"id":19924834}]}]}
{"op":"mcm","clk":"7684659217","pt":1539342387414,"mc":[{"id":"1.149401338","rc":[{"ltp":1.47,"id":2251402}]}]}
{"op":"mcm","clk":"7684664161","pt":1539342440430,"mc":[{"id":"1.149401338","rc":[{"ltp":1.46,"id":2251402}]}]}
{"op":"mcm","clk":"7684677270","pt":1539342567270,"mc":[{"id":"1.149401338","rc":[{"ltp":3.1,"id":19924834}]}]}
{"op":"mcm","clk":"7684684254","pt":1539342633795,"mc":[{"id":"1.149401338","rc":[{"ltp":1.47,"id":2251402}]}]}
{"op":"mcm","clk":"7684706863","pt":1539342751620,"mc":[{"id":"1.149401338","rc":[{"ltp":3.05,"id":19924834}]}]}
{"op":"mcm","clk":"7684712713","pt":1539342804753,"mc":[{"id":"1.149401338","rc":[{"ltp":1.48,"id":2251402}]}]}
{"op":"mcm","clk":"7684719702","pt":1539342868930,"mc":[{"id":"1.149401338","rc":[{"ltp":3.1,"id":19924834}]}]}
{"op":"mcm","clk":"7684726069","pt":1539342931816,"mc":[{"id":"1.149401338","rc":[{"ltp":1.47,"id":2251402}]}]}
{"op":"mcm","clk":"7684731517","pt":1539342986772,"mc":[{"id":"1.149401338","rc":[{"ltp":1.48,"id":2251402}]}]}
{"op":"mcm","clk":"7684748600","pt":1539343150225,"mc":[{"id":"1.149401338","rc":[{"ltp":1.47,"id":2251402},{"ltp":3.05,"id":19924834}]}]}
{"op":"mcm","clk":"7684765959","pt":1539343330431,"mc":[{"id":"1.149401338","rc":[{"ltp":3.1,"id":19924834}]}]}
{"op":"mcm","clk":"7684779685","pt":1539343471042,"mc":[{"id":"1.149401338","rc":[{"ltp":3.15,"id":19924834}]}]}
{"op":"mcm","clk":"7684785710","pt":1539343533133,"mc":[{"id":"1.149401338","rc":[{"ltp":3.1,"id":19924834}]}]}
{"op":"mcm","clk":"7684791485","pt":1539343592196,"mc":[{"id":"1.149401338","rc":[{"ltp":1.48,"id":2251402}]}]}
{"op":"mcm","clk":"7684807532","pt":1539343653070,"mc":[{"id":"1.149401338","rc":[{"ltp":1.47,"id":2251402}]}]}
{"op":"mcm","clk":"7684825029","pt":1539343827616,"mc":[{"id":"1.149401338","rc":[{"ltp":3.15,"id":19924834}]}]}
{"op":"mcm","clk":"7684838156","pt":1539343951691,"mc":[{"id":"1.149401338","rc":[{"ltp":1.46,"id":2251402}]}]}
{"op":"mcm","clk":"7684842306","pt":1539343992666,"mc":[{"id":"1.149401338","rc":[{"ltp":1.47,"id":2251402}]}]}
{"op":"mcm","clk":"7684849238","pt":1539344071832,"mc":[{"id":"1.149401338","rc":[{"ltp":3.1,"id":19924834}]}]}
{"op":"mcm","clk":"7684854793","pt":1539344127963,"mc":[{"id":"1.149401338","rc":[{"ltp":1.46,"id":2251402}]}]}
{"op":"mcm","clk":"7684859704","pt":1539344190571,"mc":[{"id":"1.149401338","rc":[{"ltp":3.15,"id":19924834}]}]}
{"op":"mcm","clk":"7684863978","pt":1539344243214,"mc":[{"id":"1.149401338","rc":[{"ltp":1.47,"id":2251402}]}]}
{"op":"mcm","clk":"7684866691","pt":1539344273949,"mc":[{"id":"1.149401338","rc":[{"ltp":1.46,"id":2251402},{"ltp":3.1,"id":19924834}]}]}
{"op":"mcm","clk":"7684875324","pt":1539344373978,"mc":[{"id":"1.149401338","rc":[{"ltp":1.47,"id":2251402},{"ltp":3.15,"id":19924834}]}]}
{"op":"mcm","clk":"7684886040","pt":1539344493078,"mc":[{"id":"1.149401338","rc":[{"ltp":3.1,"id":19924834}]}]}
{"op":"mcm","clk":"7684901757","pt":1539344553511,"mc":[{"id":"1.149401338","rc":[{"ltp":1.48,"id":2251402}]}]}
{"op":"mcm","clk":"7684912953","pt":1539344672516,"mc":[{"id":"1.149401338","rc":[{"ltp":3.05,"id":19924834}]}]}
{"op":"mcm","clk":"7684924201","pt":1539344793993,"mc":[{"id":"1.149401338","rc":[{"ltp":1.47,"id":2251402},{"ltp":3.15,"id":19924834}]}]}
{"op":"mcm","clk":"7684929981","pt":1539344854071,"mc":[{"id":"1.149401338","rc":[{"ltp":1.46,"id":2251402},{"ltp":3.2,"id":19924834}]}]}
{"op":"mcm","clk":"7684935742","pt":1539344911249,"mc":[{"id":"1.149401338","rc":[{"ltp":3.15,"id":19924834}]}]}
{"op":"mcm","clk":"7684946557","pt":1539345030560,"mc":[{"id":"1.149401338","marketDefinition":{"bspMarket":false,"turnInPlayEnabled":true,"persistenceEnabled":true,"marketBaseRate":5.0,"eventId":"28950656","eventTypeId":"2","numberOfWinners":1,"bettingType":"ODDS","marketType":"MATCH_ODDS","marketTime":"2018-10-12T11:47:00.000Z","suspendTime":"2018-10-12T11:47:00.000Z","bspReconciled":false,"complete":true,"inPlay":false,"crossMatching":true,"runnersVoidable":false,"numberOfActiveRunners":2,"betDelay":0,"status":"OPEN","runners":[{"status":"ACTIVE","sortPriority":1,"id":2251402,"name":"Roger Federer"},{"status":"ACTIVE","sortPriority":2,"id":19924834,"name":"Kei Nishikori"}],"regulators":["MR_INT"],"countryCode":"CN","discountAllowed":true,"timezone":"UTC","openDate":"2018-10-12T11:47:00.000Z","version":2450699855,"name":"Match Odds","eventName":"Federer v Nishikori"}}]}
{"op":"mcm","clk":"7684972039","pt":1539345330027,"mc":[{"id":"1.149401338","rc":[{"ltp":1.47,"id":2251402},{"ltp":3.1,"id":19924834}]}]}
{"op":"mcm","clk":"7684977816","pt":1539345390075,"mc":[{"id":"1.149401338","rc":[{"ltp":1.46,"id":2251402},{"ltp":3.15,"id":19924834}]}]}
{"op":"mcm","clk":"7684993399","pt":1539345453890,"mc":[{"id":"1.149401338","rc":[{"ltp":3.1,"id":19924834}]}]}
{"op":"mcm","clk":"7684999439","pt":1539345511102,"mc":[{"id":"1.149401338","rc":[{"ltp":1.47,"id":2251402}]}]}
{"op":"mcm","clk":"7685005958","pt":1539345570936,"mc":[{"id":"1.149401338","rc":[{"ltp":1.48,"id":2251402}]}]}
{"op":"mcm","clk":"7685012475","pt":1539345633990,"mc":[{"id":"1.149401338","rc":[{"ltp":3.05,"id":19924834},{"ltp":1.49,"id":2251402}]}]}
{"op":"mcm","clk":"7685025978","pt":1539345753071,"mc":[{"id":"1.149401338","rc":[{"ltp":3.0,"id":19924834},{"ltp":1.5,"id":2251402}]}]}
{"op":"mcm","clk":"7685032729","pt":1539345811733,"mc":[{"id":"1.149401338","rc":[{"ltp":2.98,"id":19924834}]}]}
{"op":"mcm","clk":"7685039128","pt":1539345870593,"mc":[{"id":"1.149401338","rc":[{"ltp":3.05,"id":19924834},{"ltp":1.49,"id":2251402}]}]}
{"op":"mcm","clk":"7685045670","pt":1539345933980,"mc":[{"id":"1.149401338","rc":[{"ltp":2.96,"id":19924834},{"ltp":1.5,"id":2251402}]}]}
{"op":"mcm","clk":"7685051692","pt":1539345994006,"mc":[{"id":"1.149401338","rc":[{"ltp":3.0,"id":19924834},{"ltp":1.49,"id":2251402}]}]}
{"op":"mcm","clk":"7685058498","pt":1539346052705,"mc":[{"id":"1.149401338","rc":[{"ltp":1.5,"id":2251402}]}]}
{"op":"mcm","clk":"7685078697","pt":1539346233835,"mc":[{"id":"1.149401338","marketDefinition":{"bspMarket":false,"turnInPlayEnabled":true,"persistenceEnabled":true,"marketBaseRate":5.0,"eventId":"28950656","eventTypeId":"2","numberOfWinners":1,"bettingType":"ODDS","marketType":"MATCH_ODDS","marketTime":"2018-10-12T11:47:00.000Z","suspendTime":"2018-10-12T11:47:00.000Z","bspReconciled":false,"complete":true,"inPlay":true,"crossMatching":true,"runnersVoidable":false,"numberOfActiveRunners":2,"betDelay":5,"status":"OPEN","runners":[{"status":"ACTIVE","sortPriority":1,"id":2251402,"name":"Roger Federer"},{"status":"ACTIVE","sortPriority":2,"id":19924834,"name":"Kei Nishikori"}],"regulators":["MR_INT"],"countryCode":"CN","discountAllowed":true,"timezone":"UTC","openDate":"2018-10-12T11:47:00.000Z","version":2450743338,"name":"Match Odds","eventName":"Federer v Nishikori"},"rc":[{"ltp":2.98,"id":19924834},{"ltp":1.48,"id":2251402}]}]}
{"op":"mcm","clk":"7685085911","pt":1539346293646,"mc":[{"id":"1.149401338","rc":[{"ltp":3.4,"id":19924834},{"ltp":1.41,"id":2251402}]}]}
{"op":"mcm","clk":"7685103293","pt":1539346353861,"mc":[{"id":"1.149401338","rc":[{"ltp":1.37,"id":2251402},{"ltp":3.75,"id":19924834}]}]}
{"op":"mcm","clk":"7685110882","pt":1539346413869,"mc":[{"id":"1.149401338","rc":[{"ltp":1.46,"id":2251402},{"ltp":3.2,"id":19924834}]}]}
{"op":"mcm","clk":"7685118437","pt":1539346473952,"mc":[{"id":"1.149401338","rc":[{"ltp":1.47,"id":2251402},{"ltp":3.15,"id":19924834}]}]}
{"op":"mcm","clk":"7685125606","pt":1539346533293,"mc":[{"id":"1.149401338","rc":[{"ltp":1.34,"id":2251402},{"ltp":3.8,"id":19924834}]}]}
{"op":"mcm","clk":"7685133488","pt":1539346593935,"mc":[{"id":"1.149401338","rc":[{"ltp":1.51,"id":2251402},{"ltp":3.0,"id":19924834}]}]}
{"op":"mcm","clk":"7685141138","pt":1539346654033,"mc":[{"id":"1.149401338","rc":[{"ltp":1.46,"id":2251402},{"ltp":3.15,"id":19924834}]}]}
{"op":"mcm","clk":"7685149010","pt":1539346713730,"mc":[{"id":"1.149401338","rc":[{"ltp":1.44,"id":2251402},{"ltp":3.25,"id":19924834}]}]}
{"op":"mcm","clk":"7685156874","pt":1539346773406,"mc":[{"id":"1.149401338","rc":[{"ltp":1.45,"id":2251402}]}]}
{"op":"mcm","clk":"7685164878","pt":1539346833786,"mc":[{"id":"1.149401338","rc":[{"ltp":1.37,"id":2251402},{"ltp":3.7,"id":19924834}]}]}
{"op":"mcm","clk":"7685172096","pt":1539346894064,"mc":[{"id":"1.149401338","rc":[{"ltp":1.27,"id":2251402},{"ltp":4.8,"id":19924834}]}]}
{"op":"mcm","clk":"7685179195","pt":1539346953937,"mc":[{"id":"1.149401338","rc":[{"ltp":1.28,"id":2251402},{"ltp":4.5,"id":19924834}]}]}
{"op":"mcm","clk":"7685186222","pt":1539347014014,"mc":[{"id":"1.149401338","rc":[{"ltp":1.31,"id":2251402},{"ltp":4.2,"id":19924834}]}]}
{"op":"mcm","clk":"7685193411","pt":1539347073516,"mc":[{"id":"1.149401338","rc":[{"ltp":1.32,"id":2251402}]}]}
{"op":"mcm","clk":"7685200383","pt":1539347134069,"mc":[{"id":"1.149401338","rc":[{"ltp":1.27,"id":2251402},{"ltp":4.7,"id":19924834}]}]}
{"op":"mcm","clk":"7685207170","pt":1539347194053,"mc":[{"id":"1.149401338","rc":[{"ltp":1.26,"id":2251402},{"ltp":4.8,"id":19924834}]}]}
{"op":"mcm","clk":"7685224403","pt":1539347253748,"mc":[{"id":"1.149401338","rc":[{"ltp":1.28,"id":2251402},{"ltp":4.7,"id":19924834}]}]}
{"op":"mcm","clk":"7685230909","pt":1539347313932,"mc":[{"id":"1.149401338","rc":[{"ltp":1.3,"id":2251402},{"ltp":4.4,"id":19924834}]}]}
{"op":"mcm","clk":"7685237427","pt":1539347374066,"mc":[{"id":"1.149401338","rc":[{"ltp":1.29,"id":2251402},{"ltp":4.3,"id":19924834}]}]}
{"op":"mcm","clk":"7685244319","pt":1539347433751,"mc":[{"id":"1.149401338","rc":[{"ltp":1.26,"id":2251402},{"ltp":4.7,"id":19924834}]}]}
{"op":"mcm","clk":"7685251490","pt":1539347494019,"mc":[{"id":"1.149401338","rc":[{"ltp":1.25,"id":2251402},{"ltp":4.8,"id":19924834}]}]}
{"op":"mcm","clk":"7685258510","pt":1539347553771,"mc":[{"id":"1.149401338","rc":[{"ltp":5.0,"id":19924834}]}]}
{"op":"mcm","clk":"7685272244","pt":1539347674041,"mc":[{"id":"1.149401338","rc":[{"ltp":1.24,"id":2251402},{"ltp":5.2,"id":19924834}]}]}
{"op":"mcm","clk":"7685278527","pt":1539347733919,"mc":[{"id":"1.149401338","rc":[{"ltp":1.19,"id":2251402},{"ltp":5.5,"id":19924834}]}]}
{"op":"mcm","clk":"7685284743","pt":1539347793900,"mc":[{"id":"1.149401338","rc":[{"ltp":1.16,"id":2251402},{"ltp":7.2,"id":19924834}]}]}
{"op":"mcm","clk":"7685290909","pt":1539347853794,"mc":[{"id":"1.149401338","rc":[{"ltp":6.8,"id":19924834}]}]}
{"op":"mcm","clk":"7685297318","pt":1539347913697,"mc":[{"id":"1.149401338","rc":[{"ltp":1.18,"id":2251402},{"ltp":7.0,"id":19924834}]}]}
{"op":"mcm","clk":"7685303573","pt":1539347973967,"mc":[{"id":"1.149401338","rc":[{"ltp":1.22,"id":2251402},{"ltp":5.4,"id":19924834}]}]}
{"op":"mcm","clk":"7685309683","pt":1539348033920,"mc":[{"id":"1.149401338","rc":[{"ltp":1.25,"id":2251402},{"ltp":5.1,"id":19924834}]}]}
{"op":"mcm","clk":"7685315697","pt":1539348093902,"mc":[{"id":"1.149401338","rc":[{"ltp":1.21,"id":2251402},{"ltp":5.7,"id":19924834}]}]}
{"op":"mcm","clk":"7685330850","pt":1539348154032,"mc":[{"id":"1.149401338","rc":[{"ltp":1.2,"id":2251402}]}]}
{"op":"mcm","clk":"7685336758","pt":1539348213677,"mc":[{"id":"1.149401338","rc":[{"ltp":1.24,"id":2251402},{"ltp":5.0,"id":19924834}]}]}
{"op":"mcm","clk":"7685342826","pt":1539348273051,"mc":[{"id":"1.149401338","rc":[{"ltp":1.26,"id":2251402},{"ltp":4.8,"id":19924834}]}]}
{"op":"mcm","clk":"7685348633","pt":1539348333609,"mc":[{"id":"1.149401338","rc":[{"ltp":1.27,"id":2251402},{"ltp":4.9,"id":19924834}]}]}
{"op":"mcm","clk":"7685355065","pt":1539348393547,"mc":[{"id":"1.149401338","rc":[{"ltp":1.2,"id":2251402},{"ltp":5.5,"id":19924834}]}]}
{"op":"mcm","clk":"7685361009","pt":1539348453885,"mc":[{"id":"1.149401338","rc":[{"ltp":1.24,"id":2251402},{"ltp":5.4,"id":19924834}]}]}
{"op":"mcm","clk":"7685366172","pt":1539348513993,"mc":[{"id":"1.149401338","rc":[{"ltp":1.31,"id":2251402},{"ltp":4.4,"id":19924834}]}]}
{"op":"mcm","clk":"7685371863","pt":1539348573861,"mc":[{"id":"1.149401338","rc":[{"ltp":1.22,"id":2251402},{"ltp":5.6,"id":19924834}]}]}
{"op":"mcm","clk":"7685377416","pt":1539348633794,"mc":[{"id":"1.149401338","rc":[{"ltp":1.23,"id":2251402},{"ltp":5.3,"id":19924834}]}]}
{"op":"mcm","clk":"7685389031","pt":1539348753104,"mc":[{"id":"1.149401338","rc":[{"ltp":5.4,"id":19924834}]}]}
{"op":"mcm","clk":"7685394283","pt":1539348814062,"mc":[{"id":"1.149401338","rc":[{"ltp":1.22,"id":2251402},{"ltp":5.6,"id":19924834}]}]}
{"op":"mcm","clk":"7685399850","pt":1539348874031,"mc":[{"id":"1.149401338","rc":[{"ltp":5.3,"id":19924834}]}]}
{"op":"mcm","clk":"7685405480","pt":1539348934009,"mc":[{"id":"1.149401338","rc":[{"ltp":1.23,"id":2251402}]}]}
{"op":"mcm","clk":"7685426805","pt":1539349054062,"mc":[{"id":"1.149401338","rc":[{"ltp":1.18,"id":2251402},{"ltp":6.0,"id":19924834}]}]}
{"op":"mcm","clk":"7685432693","pt":1539349114054,"mc":[{"id":"1.149401338","rc":[{"ltp":1.17,"id":2251402}]}]}
{"op":"mcm","clk":"7685438669","pt":1539349174021,"mc":[{"id":"1.149401338","rc":[{"ltp":1.18,"id":2251402},{"ltp":7.0,"id":19924834}]}]}
{"op":"mcm","clk":"7685445435","pt":1539349233963,"mc":[{"id":"1.149401338","rc":[{"ltp":1.17,"id":2251402},{"ltp":7.2,"id":19924834}]}]}
{"op":"mcm","clk":"7685451784","pt":1539349293700,"mc":[{"id":"1.149401338","rc":[{"ltp":1.16,"id":2251402}]}]}
{"op":"mcm","clk":"7685459325","pt":1539349354015,"mc":[{"id":"1.149401338","rc":[{"ltp":1.12,"id":2251402},{"ltp":8.6,"id":19924834}]}]}
{"op":"mcm","clk":"7685466094","pt":1539349414012,"mc":[{"id":"1.149401338","rc":[{"ltp":1.07,"id":2251402},{"ltp":16.5,"id":19924834}]}]}
{"op":"mcm","clk":"7685472828","pt":1539349473777,"mc":[{"id":"1.149401338","rc":[{"ltp":1.06,"id":2251402},{"ltp":18.0,"id":19924834}]}]}
{"op":"mcm","clk":"7685479760","pt":1539349533996,"mc":[{"id":"1.149401338","rc":[{"ltp":1.05,"id":2251402},{"ltp":21.0,"id":19924834}]}]}
{"op":"mcm","clk":"7685494300","pt":1539349653826,"mc":[{"id":"1.149401338","rc":[{"ltp":1.07,"id":2251402},{"ltp":15.0,"id":19924834}]}]}
{"op":"mcm","clk":"7685502296","pt":1539349714038,"mc":[{"id":"1.149401338","rc":[{"ltp":15.5,"id":19924834}]}]}
{"op":"mcm","clk":"7685509406","pt":1539349774017,"mc":[{"id":"1.149401338","rc":[{"ltp":1.04,"id":2251402},{"ltp":22.0,"id":19924834}]}]}
{"op":"mcm","clk":"7685516737","pt":1539349833837,"mc":[{"id":"1.149401338","rc":[{"ltp":1.05,"id":2251402},{"ltp":21.0,"id":19924834}]}]}
{"op":"mcm","clk":"7685523837","pt":1539349893661,"mc":[{"id":"1.149401338","rc":[{"ltp":1.06,"id":2251402},{"ltp":18.0,"id":19924834}]}]}
{"op":"mcm","clk":"7685540476","pt":1539349954043,"mc":[{"id":"1.149401338","rc":[{"ltp":1.04,"id":2251402},{"ltp":25.0,"id":19924834}]}]}
{"op":"mcm","clk":"7685547934","pt":1539350014088,"mc":[{"id":"1.149401338","rc":[{"ltp":1.06,"id":2251402},{"ltp":18.0,"id":19924834}]}]}
{"op":"mcm","clk":"7685555323","pt":1539350073949,"mc":[{"id":"1.149401338","rc":[{"ltp":16.5,"id":19924834}]}]}
{"op":"mcm","clk":"7685562312","pt":1539350133609,"mc":[{"id":"1.149401338","rc":[{"ltp":1.07,"id":2251402},{"ltp":15.0,"id":19924834}]}]}
{"op":"mcm","clk":"7685569463","pt":1539350193656,"mc":[{"id":"1.149401338","rc":[{"ltp":15.5,"id":19924834}]}]}
{"op":"mcm","clk":"7685576428","pt":1539350253558,"mc":[{"id":"1.149401338","rc":[{"ltp":1.08,"id":2251402},{"ltp":13.5,"id":19924834}]}]}
{"op":"mcm","clk":"7685583596","pt":1539350314028,"mc":[{"id":"1.149401338","rc":[{"ltp":1.07,"id":2251402}]}]}
{"op":"mcm","clk":"7685590959","pt":1539350372928,"mc":[{"id":"1.149401338","rc":[{"ltp":1.12,"id":2251402},{"ltp":9.4,"id":19924834}]}]}
{"op":"mcm","clk":"7685599704","pt":1539350434000,"mc":[{"id":"1.149401338","rc":[{"ltp":1.06,"id":2251402},{"ltp":15.0,"id":19924834}]}]}
{"op":"mcm","clk":"7685608002","pt":1539350494007,"mc":[{"id":"1.149401338","rc":[{"ltp":1.04,"id":2251402},{"ltp":22.0,"id":19924834}]}]}
{"op":"mcm","clk":"7685615880","pt":1539350554006,"mc":[{"id":"1.149401338","rc":[{"ltp":1.06,"id":2251402},{"ltp":21.0,"id":19924834}]}]}
{"op":"mcm","clk":"7685623240","pt":1539350613938,"mc":[{"id":"1.149401338","rc":[{"ltp":17.5,"id":19924834}]}]}
{"op":"mcm","clk":"7685630765","pt":1539350673811,"mc":[{"id":"1.149401338","rc":[{"ltp":1.07,"id":2251402},{"ltp":17.0,"id":19924834}]}]}
{"op":"mcm","clk":"7685637879","pt":1539350733743,"mc":[{"id":"1.149401338","rc":[{"ltp":1.06,"id":2251402}]}]}
{"op":"mcm","clk":"7685645011","pt":1539350793964,"mc":[{"id":"1.149401338","rc":[{"ltp":16.0,"id":19924834}]}]}
{"op":"mcm","clk":"7685661901","pt":1539350854083,"mc":[{"id":"1.149401338","rc":[{"ltp":1.1,"id":2251402},{"ltp":11.5,"id":19924834}]}]}
{"op":"mcm","clk":"7685669534","pt":1539350914036,"mc":[{"id":"1.149401338","rc":[{"ltp":1.14,"id":2251402},{"ltp":8.0,"id":19924834}]}]}
{"op":"mcm","clk":"7685677296","pt":1539350974001,"mc":[{"id":"1.149401338","rc":[{"ltp":1.23,"id":2251402},{"ltp":5.4,"id":19924834}]}]}
{"op":"mcm","clk":"7685685394","pt":1539351033888,"mc":[{"id":"1.149401338","rc":[{"ltp":1.28,"id":2251402},{"ltp":4.3,"id":19924834}]}]}
{"op":"mcm","clk":"7685693073","pt":1539351093936,"mc":[{"id":"1.149401338","rc":[{"ltp":1.29,"id":2251402},{"ltp":4.4,"id":19924834}]}]}
{"op":"mcm","clk":"7685700856","pt":1539351154035,"mc":[{"id":"1.149401338","rc":[{"ltp":1.3,"id":2251402},{"ltp":4.3,"id":19924834}]}]}
{"op":"mcm","clk":"7685716156","pt":1539351274086,"mc":[{"id":"1.149401338","rc":[{"ltp":1.26,"id":2251402},{"ltp":4.7,"id":19924834}]}]}
{"op":"mcm","clk":"7685724169","pt":1539351333553,"mc":[{"id":"1.149401338","rc":[{"ltp":1.28,"id":2251402},{"ltp":4.6,"id":19924834}]}]}
{"op":"mcm","clk":"7685732345","pt":1539351393226,"mc":[{"id":"1.149401338","rc":[{"ltp":1.33,"id":2251402},{"ltp":4.2,"id":19924834}]}]}
{"op":"mcm","clk":"7685740716","pt":1539351453772,"mc":[{"id":"1.149401338","rc":[{"ltp":1.24,"id":2251402},{"ltp":5.1,"id":19924834}]}]}
{"op":"mcm","clk":"7685749251","pt":1539351514027,"mc":[{"id":"1.149401338","rc":[{"ltp":1.22,"id":2251402},{"ltp":4.7,"id":19924834}]}]}
{"op":"mcm","clk":"7685757877","pt":1539351574060,"mc":[{"id":"1.149401338","rc":[{"ltp":1.31,"id":2251402},{"ltp":4.3,"id":19924834}]}]}
{"op":"mcm","clk":"7685766427","pt":1539351634077,"mc":[{"id":"1.149401338","rc":[{"ltp":1.32,"id":2251402},{"ltp":4.1,"id":19924834}]}]}
{"op":"mcm","clk":"7685792293","pt":1539351753729,"mc":[{"id":"1.149401338","rc":[{"ltp":1.27,"id":2251402},{"ltp":4.7,"id":19924834}]}]}
{"op":"mcm","clk":"7685801088","pt":1539351814068,"mc":[{"id":"1.149401338","rc":[{"ltp":1.26,"id":2251402},{"ltp":4.8,"id":19924834}]}]}
{"op":"mcm","clk":"7685809804","pt":1539351874038,"mc":[{"id":"1.149401338","rc":[{"ltp":1.21,"id":2251402},{"ltp":5.9,"id":19924834}]}]}
{"op":"mcm","clk":"7685817678","pt":1539351933947,"mc":[{"id":"1.149401338","rc":[{"ltp":1.13,"id":2251402},{"ltp":8.6,"id":19924834}]}]}
{"op":"mcm","clk":"7685825301","pt":1539351994022,"mc":[{"id":"1.149401338","rc":[{"ltp":1.22,"id":2251402},{"ltp":6.0,"id":19924834}]}]}
{"op":"mcm","clk":"7685832998","pt":1539352054004,"mc":[{"id":"1.149401338","rc":[{"ltp":1.31,"id":2251402},{"ltp":4.1,"id":19924834}]}]}
{"op":"mcm","clk":"7685840099","pt":1539352113900,"mc":[{"id":"1.149401338","rc":[{"ltp":4.2,"id":19924834}]}]}
{"op":"mcm","clk":"7685847122","pt":1539352173715,"mc":[{"id":"1.149401338","rc":[{"ltp":4.3,"id":19924834}]}]}
{"op":"mcm","clk":"7685855074","pt":1539352233989,"mc":[{"id":"1.149401338","rc":[{"ltp":1.33,"id":2251402},{"ltp":4.0,"id":19924834}]}]}
{"op":"mcm","clk":"7685867939","pt":1539352354011,"mc":[{"id":"1.149401338","rc":[{"ltp":1.35,"id":2251402},{"ltp":3.9,"id":19924834}]}]}
{"op":"mcm","clk":"7685873876","pt":1539352413916,"mc":[{"id":"1.149401338","rc":[{"ltp":1.34,"id":2251402},{"ltp":3.75,"id":19924834}]}]}
{"op":"mcm","clk":"7685880053","pt":1539352473980,"mc":[{"id":"1.149401338","rc":[{"ltp":1.3,"id":2251402},{"ltp":4.6,"id":19924834}]}]}
{"op":"mcm","clk":"7685886566","pt":1539352533907,"mc":[{"id":"1.149401338","rc":[{"ltp":1.24,"id":2251402},{"ltp":5.0,"id":19924834}]}]}
{"op":"mcm","clk":"7685893104","pt":1539352593954,"mc":[{"id":"1.149401338","rc":[{"ltp":1.33,"id":2251402},{"ltp":4.3,"id":19924834}]}]}
{"op":"mcm","clk":"7685909690","pt":1539352654080,"mc":[{"id":"1.149401338","rc":[{"ltp":3.5,"id":19924834},{"ltp":1.39,"id":2251402}]}]}
{"op":"mcm","clk":"7685916372","pt":1539352713579,"mc":[{"id":"1.149401338","rc":[{"ltp":2.96,"id":19924834},{"ltp":1.56,"id":2251402}]}]}
{"op":"mcm","clk":"7685923112","pt":1539352774024,"mc":[{"id":"1.149401338","rc":[{"ltp":1.5,"id":2251402}]}]}
{"op":"mcm","clk":"7685929940","pt":1539352833914,"mc":[{"id":"1.149401338","rc":[{"ltp":4.8,"id":19924834},{"ltp":1.26,"id":2251402}]}]}
{"op":"mcm","clk":"7685937103","pt":1539352893993,"mc":[{"id":"1.149401338","rc":[{"ltp":10.5,"id":19924834},{"ltp":1.11,"id":2251402}]}]}
{"op":"mcm","clk":"7685943972","pt":1539352953764,"mc":[{"id":"1.149401338","marketDefinition":{"bspMarket":false,"turnInPlayEnabled":true,"persistenceEnabled":true,"marketBaseRate":5.0,"eventId":"28950656","eventTypeId":"2","numberOfWinners":1,"bettingType":"ODDS","marketType":"MATCH_ODDS","marketTime":"2018-10-12T11:47:00.000Z","suspendTime":"2018-10-12T11:47:00.000Z","bspReconciled":false,"complete":true,"inPlay":true,"crossMatching":true,"runnersVoidable":false,"numberOfActiveRunners":2,"betDelay":5,"status":"SUSPENDED","runners":[{"status":"ACTIVE","sortPriority":1,"id":2251402,"name":"Roger Federer"},{"status":"ACTIVE","sortPriority":2,"id":19924834,"name":"Kei Nishikori"}],"regulators":["MR_INT"],"countryCode":"CN","discountAllowed":true,"timezone":"UTC","openDate":"2018-10-12T11:47:00.000Z","version":2450874826,"name":"Match Odds","eventName":"Federer v Nishikori"},"rc":[{"ltp":18.0,"id":19924834},{"ltp":1.06,"id":2251402}]}]}
{"op":"mcm","clk":"7685952698","pt":1539353017704,"mc":[{"id":"1.149401338","marketDefinition":{"bspMarket":false,"turnInPlayEnabled":true,"persistenceEnabled":true,"marketBaseRate":5.0,"eventId":"28950656","eventTypeId":"2","numberOfWinners":1,"bettingType":"ODDS","marketType":"MATCH_ODDS","marketTime":"2018-10-12T11:47:00.000Z","suspendTime":"2018-10-12T11:47:00.000Z","bspReconciled":false,"complete":true,"inPlay":true,"crossMatching":false,"runnersVoidable":false,"numberOfActiveRunners":0,"betDelay":5,"status":"CLOSED","settledTime":"2018-10-12T14:03:06.000Z","runners":[{"status":"WINNER","sortPriority":1,"id":2251402,"name":"Roger Federer"},{"status":"LOSER","sortPriority":2,"id":19924834,"name":"Kei Nishikori"}],"regulators":["MR_INT"],"countryCode":"CN","discountAllowed":true,"timezone":"UTC","openDate":"2018-10-12T11:47:00.000Z","version":2450876250,"name":"Match Odds","eventName":"Federer v Nishikori"}}]}
