{"op":"mcm","clk":"7768155283","pt":1540128846244,"mc":[{"id":"1.149959377","marketDefinition":{"bspMarket":false,"turnInPlayEnabled":true,"persistenceEnabled":true,"marketBaseRate":5.0,"eventId":"28968806","eventTypeId":"2","numberOfWinners":1,"bettingType":"ODDS","marketType":"MATCH_ODDS","marketTime":"2018-10-23T11:30:00.000Z","suspendTime":"2018-10-23T11:30:00.000Z","bspReconciled":false,"complete":true,"inPlay":false,"crossMatching":true,"runnersVoidable":false,"numberOfActiveRunners":2,"betDelay":0,"status":"OPEN","runners":[{"status":"ACTIVE","sortPriority":1,"id":2309522,"name":"Caroline Wozniacki"},{"status":"ACTIVE","sortPriority":2,"id":2497008,"name":"Petra Kvitova"}],"regulators":["MR_INT"],"countryCode":"SG","discountAllowed":true,"timezone":"UTC","openDate":"2018-10-23T11:30:00.000Z","version":2468145145,"name":"Match Odds","eventName":"Wozniacki v Kvitova"}}]}
{"op":"mcm","clk":"7768708258","pt":1540132001825,"mc":[{"id":"1.149959377","rc":[{"ltp":1.84,"id":2309522}]}]}
{"op":"mcm","clk":"7773551448","pt":1540169326547,"mc":[{"id":"1.149959377","rc":[{"ltp":2.34,"id":2497008}]}]}
{"op":"mcm","clk":"7773863594","pt":1540179677979,"mc":[{"id":"1.149959377","rc":[{"ltp":1.7,"id":2309522}]}]}
{"op":"mcm","clk":"7774271302","pt":1540192034916,"mc":[{"id":"1.149959377","rc":[{"ltp":1.71,"id":2309522}]}]}
{"op":"mcm","clk":"7774399843","pt":1540195378626,"mc":[{"id":"1.149959377","rc":[{"ltp":1.74,"id":2309522}]}]}
{"op":"mcm","clk":"7774794241","pt":1540202285992,"mc":[{"id":"1.149959377","rc":[{"ltp":1.73,"id":2309522}]}]}
{"op":"mcm","clk":"7774893116","pt":1540203611004,"mc":[{"id":"1.149959377","rc":[{"ltp":2.36,"id":2497008}]}]}
{"op":"mcm","clk":"7775660931","pt":1540212706550,"mc":[{"id":"1.149959377","rc":[{"ltp":1.72,"id":2309522}]}]}
{"op":"mcm","clk":"7776258981","pt":1540218539470,"mc":[{"id":"1.149959377","rc":[{"ltp":1.71,"id":2309522}]}]}
{"op":"mcm","clk":"7776376427","pt":1540220021795,"mc":[{"id":"1.149959377","rc":[{"ltp":1.7,"id":2309522},{"ltp":2.44,"id":2497008}]}]}
{"op":"mcm","clk":"7776599381","pt":1540223108364,"mc":[{"id":"1.149959377","rc":[{"ltp":1.71,"id":2309522}]}]}
{"op":"mcm","clk":"7776795265","pt":1540225766357,"mc":[{"id":"1.149959377","rc":[{"ltp":1.7,"id":2309522}]}]}
{"op":"mcm","clk":"7777157150","pt":1540229350233,"mc":[{"id":"1.149959377","rc":[{"ltp":1.69,"id":2309522}]}]}
{"op":"mcm","clk":"7777586048","pt":1540232914525,"mc":[{"id":"1.149959377","rc":[{"ltp":1.7,"id":2309522}]}]}
{"op":"mcm","clk":"7777659620","pt":1540233580341,"mc":[{"id":"1.149959377","rc":[{"ltp":1.71,"id":2309522}]}]}
{"op":"mcm","clk":"7777773262","pt":1540234421357,"mc":[{"id":"1.149959377","rc":[{"ltp":1.7,"id":2309522}]}]}
{"op":"mcm","clk":"7778217187","pt":1540237849843,"mc":[{"id":"1.149959377","rc":[{"ltp":2.4,"id":2497008}]}]}
{"op":"mcm","clk":"7778246337","pt":1540238106864,"mc":[{"id":"1.149959377","rc":[{"ltp":1.71,"id":2309522}]}]}
{"op":"mcm","clk":"7778381481","pt":1540239170758,"mc":[{"id":"1.149959377","rc":[{"ltp":1.7,"id":2309522},{"ltp":2.44,"id":2497008}]}]}
{"op":"mcm","clk":"7778519932","pt":1540240439414,"mc":[{"id":"1.149959377","rc":[{"ltp":2.4,"id":2497008}]}]}
{"op":"mcm","clk":"7778545157","pt":1540240771122,"mc":[{"id":"1.149959377","rc":[{"ltp":2.42,"id":2497008}]}]}
{"op":"mcm","clk":"7778590113","pt":1540241440692,"mc":[{"id":"1.149959377","rc":[{"ltp":1.69,"id":2309522}]}]}
{"op":"mcm","clk":"7778604314","pt":1540241732558,"mc":[{"id":"1.149959377","rc":[{"ltp":1.7,"id":2309522}]}]}
{"op":"mcm","clk":"7778648102","pt":1540242534881,"mc":[{"id":"1.149959377","rc":[{"ltp":1.69,"id":2309522}]}]}
{"op":"mcm","clk":"7778652496","pt":1540242635573,"mc":[{"id":"1.149959377","rc":[{"ltp":2.44,"id":2497008}]}]}
{"op":"mcm","clk":"7778673622","pt":1540242877231,"mc":[{"id":"1.149959377","rc":[{"ltp":1.7,"id":2309522},{"ltp":2.42,"id":2497008}]}]}
{"op":"mcm","clk":"7778781685","pt":1540245059680,"mc":[{"id":"1.149959377","rc":[{"ltp":1.69,"id":2309522}]}]}
{"op":"mcm","clk":"7778819129","pt":1540245957182,"mc":[{"id":"1.149959377","rc":[{"ltp":2.44,"id":2497008}]}]}
{"op":"mcm","clk":"7778904430","pt":1540247927430,"mc":[{"id":"1.149959377","rc":[{"ltp":2.42,"id":2497008}]}]}
{"op":"mcm","clk":"7778929764","pt":1540248394338,"mc":[{"id":"1.149959377","rc":[{"ltp":1.7,"id":2309522}]}]}
{"op":"mcm","clk":"7778942262","pt":1540248779561,"mc":[{"id":"1.149959377","rc":[{"ltp":1.69,"id":2309522}]}]}
{"op":"mcm","clk":"7778976743","pt":1540249328896,"mc":[{"id":"1.149959377","rc":[{"ltp":2.44,"id":2497008}]}]}
{"op":"mcm","clk":"7779075754","pt":1540250811410,"mc":[{"id":"1.149959377","rc":[{"ltp":1.68,"id":2309522}]}]}
{"op":"mcm","clk":"7779225320","pt":1540252789463,"mc":[{"id":"1.149959377","rc":[{"ltp":2.48,"id":2497008}]}]}
{"op":"mcm","clk":"7779239969","pt":1540253031204,"mc":[{"id":"1.149959377","rc":[{"ltp":1.69,"id":2309522}]}]}
{"op":"mcm","clk":"7779606927","pt":1540257828233,"mc":[{"id":"1.149959377","rc":[{"ltp":1.68,"id":2309522}]}]}
{"op":"mcm","clk":"7779646002","pt":1540258406657,"mc":[{"id":"1.149959377","rc":[{"ltp":1.67,"id":2309522}]}]}
{"op":"mcm","clk":"7779673300","pt":1540258916826,"mc":[{"id":"1.149959377","rc":[{"ltp":2.44,"id":2497008}]}]}
{"op":"mcm","clk":"7779878779","pt":1540262001728,"mc":[{"id":"1.149959377","rc":[{"ltp":1.69,"id":2309522}]}]}
{"op":"mcm","clk":"7779944783","pt":1540263035574,"mc":[{"id":"1.149959377","rc":[{"ltp":2.5,"id":2497008}]}]}
{"op":"mcm","clk":"7780000785","pt":1540264041008,"mc":[{"id":"1.149959377","rc":[{"ltp":2.44,"id":2497008}]}]}
{"op":"mcm","clk":"7780126066","pt":1540266205823,"mc":[{"id":"1.149959377","rc":[{"ltp":1.68,"id":2309522},{"ltp":2.48,"id":2497008}]}]}
{"op":"mcm","clk":"7780151228","pt":1540266832557,"mc":[{"id":"1.149959377","rc":[{"ltp":1.69,"id":2309522},{"ltp":2.44,"id":2497008}]}]}
{"op":"mcm","clk":"7780194274","pt":1540267444015,"mc":[{"id":"1.149959377","rc":[{"ltp":1.68,"id":2309522}]}]}
{"op":"mcm","clk":"7780255329","pt":1540268621448,"mc":[{"id":"1.149959377","rc":[{"ltp":1.69,"id":2309522}]}]}
{"op":"mcm","clk":"7780332403","pt":1540270179521,"mc":[{"id":"1.149959377","rc":[{"ltp":1.67,"id":2309522}]}]}
{"op":"mcm","clk":"7780402258","pt":1540271748645,"mc":[{"id":"1.149959377","rc":[{"ltp":2.5,"id":2497008}]}]}
{"op":"mcm","clk":"7780404260","pt":1540271810591,"mc":[{"id":"1.149959377","rc":[{"ltp":1.68,"id":2309522},{"ltp":2.48,"id":2497008}]}]}
{"op":"mcm","clk":"7780417200","pt":1540272172587,"mc":[{"id":"1.149959377","rc":[{"ltp":1.69,"id":2309522}]}]}
{"op":"mcm","clk":"7780440253","pt":1540272602173,"mc":[{"id":"1.149959377","rc":[{"ltp":1.68,"id":2309522}]}]}
{"op":"mcm","clk":"7780445786","pt":1540272722250,"mc":[{"id":"1.149959377","rc":[{"ltp":1.67,"id":2309522},{"ltp":2.46,"id":2497008}]}]}
{"op":"mcm","clk":"7780457981","pt":1540272959409,"mc":[{"id":"1.149959377","rc":[{"ltp":1.68,"id":2309522}]}]}
{"op":"mcm","clk":"7780466302","pt":1540273136532,"mc":[{"id":"1.149959377","rc":[{"ltp":1.66,"id":2309522}]}]}
{"op":"mcm","clk":"7780491042","pt":1540273434887,"mc":[{"id":"1.149959377","rc":[{"ltp":2.5,"id":2497008}]}]}
{"op":"mcm","clk":"7780507792","pt":1540273741533,"mc":[{"id":"1.149959377","rc":[{"ltp":1.67,"id":2309522}]}]}
{"op":"mcm","clk":"7780517081","pt":1540273922327,"mc":[{"id":"1.149959377","rc":[{"ltp":2.48,"id":2497008}]}]}
{"op":"mcm","clk":"7780546329","pt":1540274401116,"mc":[{"id":"1.149959377","rc":[{"ltp":1.68,"id":2309522}]}]}
{"op":"mcm","clk":"7780551504","pt":1540274521304,"mc":[{"id":"1.149959377","rc":[{"ltp":1.69,"id":2309522}]}]}
{"op":"mcm","clk":"7780565728","pt":1540274854766,"mc":[{"id":"1.149959377","rc":[{"ltp":1.67,"id":2309522}]}]}
{"op":"mcm","clk":"7780570927","pt":1540274989883,"mc":[{"id":"1.149959377","rc":[{"ltp":1.69,"id":2309522}]}]}
{"op":"mcm","clk":"7780589119","pt":1540275176984,"mc":[{"id":"1.149959377","rc":[{"ltp":2.5,"id":2497008}]}]}
{"op":"mcm","clk":"7780603671","pt":1540275500271,"mc":[{"id":"1.149959377","rc":[{"ltp":1.67,"id":2309522}]}]}
{"op":"mcm","clk":"7780619870","pt":1540275862567,"mc":[{"id":"1.149959377","rc":[{"ltp":1.69,"id":2309522}]}]}
{"op":"mcm","clk":"7780623879","pt":1540275952263,"mc":[{"id":"1.149959377","rc":[{"ltp":2.46,"id":2497008}]}]}
{"op":"mcm","clk":"7780637959","pt":1540276043632,"mc":[{"id":"1.149959377","rc":[{"ltp":1.68,"id":2309522},{"ltp":2.48,"id":2497008}]}]}
{"op":"mcm","clk":"7780663333","pt":1540276530335,"mc":[{"id":"1.149959377","rc":[{"ltp":1.69,"id":2309522}]}]}
{"op":"mcm","clk":"7780707069","pt":1540277387104,"mc":[{"id":"1.149959377","rc":[{"ltp":1.68,"id":2309522}]}]}
{"op":"mcm","clk":"7780717749","pt":1540277577219,"mc":[{"id":"1.149959377","rc":[{"ltp":1.7,"id":2309522},{"ltp":2.4,"id":2497008}]}]}
{"op":"mcm","clk":"7780728883","pt":1540277782480,"mc":[{"id":"1.149959377","rc":[{"ltp":1.71,"id":2309522}]}]}
{"op":"mcm","clk":"7780750886","pt":1540278043085,"mc":[{"id":"1.149959377","rc":[{"ltp":2.42,"id":2497008}]}]}
{"op":"mcm","clk":"7780757476","pt":1540278157295,"mc":[{"id":"1.149959377","rc":[{"ltp":1.7,"id":2309522}]}]}
{"op":"mcm","clk":"7780763519","pt":1540278238669,"mc":[{"id":"1.149959377","rc":[{"ltp":1.71,"id":2309522}]}]}
{"op":"mcm","clk":"7780787559","pt":1540278601912,"mc":[{"id":"1.149959377","rc":[{"ltp":2.4,"id":2497008}]}]}
{"op":"mcm","clk":"7780826575","pt":1540279050627,"mc":[{"id":"1.149959377","rc":[{"ltp":2.42,"id":2497008}]}]}
{"op":"mcm","clk":"7780832149","pt":1540279160652,"mc":[{"id":"1.149959377","rc":[{"ltp":1.7,"id":2309522}]}]}
{"op":"mcm","clk":"7780841967","pt":1540279381493,"mc":[{"id":"1.149959377","rc":[{"ltp":1.71,"id":2309522},{"ltp":2.4,"id":2497008}]}]}
{"op":"mcm","clk":"7780843589","pt":1540279430436,"mc":[{"id":"1.149959377","rc":[{"ltp":2.42,"id":2497008}]}]}
{"op":"mcm","clk":"7780847868","pt":1540279563975,"mc":[{"id":"1.149959377","rc":[{"ltp":1.7,"id":2309522}]}]}
{"op":"mcm","clk":"7780867584","pt":1540279788123,"mc":[{"id":"1.149959377","rc":[{"ltp":2.46,"id":2497008}]}]}
{"op":"mcm","clk":"7780871135","pt":1540279860184,"mc":[{"id":"1.149959377","rc":[{"ltp":1.69,"id":2309522},{"ltp":2.44,"id":2497008}]}]}
{"op":"mcm","clk":"7780873417","pt":1540279904241,"mc":[{"id":"1.149959377","rc":[{"ltp":1.7,"id":2309522}]}]}
{"op":"mcm","clk":"7780876808","pt":1540279976398,"mc":[{"id":"1.149959377","rc":[{"ltp":1.69,"id":2309522},{"ltp":2.42,"id":2497008}]}]}
{"op":"mcm","clk":"7781027548","pt":1540282341426,"mc":[{"id":"1.149959377","rc":[{"ltp":1.7,"id":2309522}]}]}
{"op":"mcm","clk":"7781058883","pt":1540282974186,"mc":[{"id":"1.149959377","rc":[{"ltp":1.69,"id":2309522}]}]}
{"op":"mcm","clk":"7781064560","pt":1540283093041,"mc":[{"id":"1.149959377","rc":[{"ltp":2.44,"id":2497008}]}]}
{"op":"mcm","clk":"7781082429","pt":1540283244029,"mc":[{"id":"1.149959377","rc":[{"ltp":1.7,"id":2309522}]}]}
{"op":"mcm","clk":"7781113820","pt":1540283799232,"mc":[{"id":"1.149959377","rc":[{"ltp":1.69,"id":2309522}]}]}
{"op":"mcm","clk":"7781116768","pt":1540283857279,"mc":[{"id":"1.149959377","rc":[{"ltp":1.7,"id":2309522},{"ltp":2.42,"id":2497008}]}]}
{"op":"mcm","clk":"7781120386","pt":1540283933477,"mc":[{"id":"1.149959377","rc":[{"ltp":2.44,"id":2497008}]}]}
{"op":"mcm","clk":"7781125908","pt":1540284056380,"mc":[{"id":"1.149959377","rc":[{"ltp":1.69,"id":2309522}]}]}
{"op":"mcm","clk":"7781161550","pt":1540284587275,"mc":[{"id":"1.149959377","rc":[{"ltp":1.68,"id":2309522},{"ltp":2.46,"id":2497008}]}]}
{"op":"mcm","clk":"7781165870","pt":1540284656976,"mc":[{"id":"1.149959377","rc":[{"ltp":1.67,"id":2309522}]}]}
{"op":"mcm","clk":"7781169611","pt":1540284720297,"mc":[{"id":"1.149959377","rc":[{"ltp":2.48,"id":2497008}]}]}
{"op":"mcm","clk":"7781171777","pt":1540284755681,"mc":[{"id":"1.149959377","rc":[{"ltp":1.66,"id":2309522},{"ltp":2.5,"id":2497008}]}]}
{"op":"mcm","clk":"7781175368","pt":1540284825341,"mc":[{"id":"1.149959377","rc":[{"ltp":2.52,"id":2497008}]}]}
{"op":"mcm","clk":"7781200866","pt":1540285128450,"mc":[{"id":"1.149959377","rc":[{"ltp":1.65,"id":2309522}]}]}
{"op":"mcm","clk":"7781203692","pt":1540285186184,"mc":[{"id":"1.149959377","rc":[{"ltp":1.66,"id":2309522}]}]}
{"op":"mcm","clk":"7781242388","pt":1540285788453,"mc":[{"id":"1.149959377","rc":[{"ltp":2.54,"id":2497008}]}]}
{"op":"mcm","clk":"7781248295","pt":1540285870616,"mc":[{"id":"1.149959377","rc":[{"ltp":2.5,"id":2497008}]}]}
{"op":"mcm","clk":"7781274989","pt":1540286161158,"mc":[{"id":"1.149959377","rc":[{"ltp":2.52,"id":2497008}]}]}
{"op":"mcm","clk":"7781296261","pt":1540286516424,"mc":[{"id":"1.149959377","rc":[{"ltp":1.65,"id":2309522},{"ltp":2.5,"id":2497008}]}]}
{"op":"mcm","clk":"7781301150","pt":1540286578919,"mc":[{"id":"1.149959377","rc":[{"ltp":1.67,"id":2309522}]}]}
{"op":"mcm","clk":"7781305476","pt":1540286639655,"mc":[{"id":"1.149959377","rc":[{"ltp":1.66,"id":2309522}]}]}
{"op":"mcm","clk":"7781360607","pt":1540287289809,"mc":[{"id":"1.149959377","rc":[{"ltp":1.67,"id":2309522}]}]}
{"op":"mcm","clk":"7781366702","pt":1540287352089,"mc":[{"id":"1.149959377","rc":[{"ltp":1.66,"id":2309522}]}]}
{"op":"mcm","clk":"7781374912","pt":1540287460799,"mc":[{"id":"1.149959377","rc":[{"ltp":1.67,"id":2309522}]}]}
{"op":"mcm","clk":"7781378586","pt":1540287514294,"mc":[{"id":"1.149959377","rc":[{"ltp":1.66,"id":2309522}]}]}
{"op":"mcm","clk":"7781389555","pt":1540287662445,"mc":[{"id":"1.149959377","rc":[{"ltp":1.65,"id":2309522}]}]}
{"op":"mcm","clk":"7781393586","pt":1540287716024,"mc":[{"id":"1.149959377","rc":[{"ltp":1.66,"id":2309522}]}]}
{"op":"mcm","clk":"7781411451","pt":1540287836311,"mc":[{"id":"1.149959377","rc":[{"ltp":2.48,"id":2497008}]}]}
{"op":"mcm","clk":"7781419158","pt":1540287962764,"mc":[{"id":"1.149959377","rc":[{"ltp":1.67,"id":2309522}]}]}
{"op":"mcm","clk":"7781429813","pt":1540288133076,"mc":[{"id":"1.149959377","rc":[{"ltp":1.68,"id":2309522},{"ltp":2.46,"id":2497008}]}]}
{"op":"mcm","clk":"7781438542","pt":1540288253903,"mc":[{"id":"1.149959377","rc":[{"ltp":2.48,"id":2497008}]}]}
{"op":"mcm","clk":"7781442918","pt":1540288299430,"mc":[{"id":"1.149959377","rc":[{"ltp":1.67,"id":2309522}]}]}
{"op":"mcm","clk":"7781453836","pt":1540288435014,"mc":[{"id":"1.149959377","rc":[{"ltp":1.66,"id":2309522},{"ltp":2.5,"id":2497008}]}]}
{"op":"mcm","clk":"7781458722","pt":1540288494010,"mc":[{"id":"1.149959377","rc":[{"ltp":1.65,"id":2309522}]}]}
{"op":"mcm","clk":"7781462611","pt":1540288561331,"mc":[{"id":"1.149959377","rc":[{"ltp":1.66,"id":2309522}]}]}
{"op":"mcm","clk":"7781464818","pt":1540288599646,"mc":[{"id":"1.149959377","rc":[{"ltp":1.67,"id":2309522},{"ltp":2.48,"id":2497008}]}]}
{"op":"mcm","clk":"7781486180","pt":1540288759730,"mc":[{"id":"1.149959377","rc":[{"ltp":1.66,"id":2309522}]}]}
{"op":"mcm","clk":"7781494192","pt":1540288851343,"mc":[{"id":"1.149959377","rc":[{"ltp":1.67,"id":2309522}]}]}
{"op":"mcm","clk":"7781508670","pt":1540289030257,"mc":[{"id":"1.149959377","rc":[{"ltp":1.66,"id":2309522}]}]}
{"op":"mcm","clk":"7781520197","pt":1540289195625,"mc":[{"id":"1.149959377","rc":[{"ltp":1.67,"id":2309522}]}]}
{"op":"mcm","clk":"7781527287","pt":1540289282158,"mc":[{"id":"1.149959377","rc":[{"ltp":1.66,"id":2309522}]}]}
{"op":"mcm","clk":"7781532181","pt":1540289342696,"mc":[{"id":"1.149959377","rc":[{"ltp":1.67,"id":2309522}]}]}
{"op":"mcm","clk":"7781536886","pt":1540289402667,"mc":[{"id":"1.149959377","rc":[{"ltp":1.69,"id":2309522},{"ltp":2.44,"id":2497008}]}]}
{"op":"mcm","clk":"7781542447","pt":1540289461056,"mc":[{"id":"1.149959377","rc":[{"ltp":1.7,"id":2309522},{"ltp":2.42,"id":2497008}]}]}
{"op":"mcm","clk":"7781569808","pt":1540289641210,"mc":[{"id":"1.149959377","rc":[{"ltp":1.71,"id":2309522},{"ltp":2.4,"id":2497008}]}]}
{"op":"mcm","clk":"7781575427","pt":1540289702705,"mc":[{"id":"1.149959377","rc":[{"ltp":1.7,"id":2309522},{"ltp":2.42,"id":2497008}]}]}
{"op":"mcm","clk":"7781587279","pt":1540289821111,"mc":[{"id":"1.149959377","rc":[{"ltp":1.71,"id":2309522},{"ltp":2.4,"id":2497008}]}]}
{"op":"mcm","clk":"7781593240","pt":1540289882305,"mc":[{"id":"1.149959377","rc":[{"ltp":1.72,"id":2309522}]}]}
{"op":"mcm","clk":"7781597749","pt":1540289937463,"mc":[{"id":"1.149959377","rc":[{"ltp":1.71,"id":2309522}]}]}
{"op":"mcm","clk":"7781605727","pt":1540290029540,"mc":[{"id":"1.149959377","rc":[{"ltp":2.38,"id":2497008}]}]}
{"op":"mcm","clk":"7781628532","pt":1540290301363,"mc":[{"id":"1.149959377","rc":[{"ltp":1.72,"id":2309522}]}]}
{"op":"mcm","clk":"7781634341","pt":1540290362396,"mc":[{"id":"1.149959377","rc":[{"ltp":1.71,"id":2309522}]}]}
{"op":"mcm","clk":"7781654548","pt":1540290479217,"mc":[{"id":"1.149959377","rc":[{"ltp":1.72,"id":2309522}]}]}
{"op":"mcm","clk":"7781658112","pt":1540290533711,"mc":[{"id":"1.149959377","rc":[{"ltp":1.73,"id":2309522}]}]}
{"op":"mcm","clk":"7781663846","pt":1540290601147,"mc":[{"id":"1.149959377","rc":[{"ltp":1.72,"id":2309522}]}]}
{"op":"mcm","clk":"7781672551","pt":1540290721614,"mc":[{"id":"1.149959377","rc":[{"ltp":1.71,"id":2309522},{"ltp":2.4,"id":2497008}]}]}
{"op":"mcm","clk":"7781676579","pt":1540290782794,"mc":[{"id":"1.149959377","rc":[{"ltp":1.72,"id":2309522},{"ltp":2.36,"id":2497008}]}]}
{"op":"mcm","clk":"7781687817","pt":1540290961523,"mc":[{"id":"1.149959377","rc":[{"ltp":2.38,"id":2497008}]}]}
{"op":"mcm","clk":"7781691626","pt":1540291014847,"mc":[{"id":"1.149959377","rc":[{"ltp":1.71,"id":2309522}]}]}
{"op":"mcm","clk":"7781700770","pt":1540291141093,"mc":[{"id":"1.149959377","rc":[{"ltp":1.73,"id":2309522},{"ltp":2.4,"id":2497008}]}]}
{"op":"mcm","clk":"7781704584","pt":1540291193854,"mc":[{"id":"1.149959377","rc":[{"ltp":2.38,"id":2497008}]}]}
{"op":"mcm","clk":"7781730636","pt":1540291423167,"mc":[{"id":"1.149959377","rc":[{"ltp":1.72,"id":2309522}]}]}
{"op":"mcm","clk":"7781734636","pt":1540291474570,"mc":[{"id":"1.149959377","rc":[{"ltp":1.73,"id":2309522}]}]}
{"op":"mcm","clk":"7781740878","pt":1540291548155,"mc":[{"id":"1.149959377","rc":[{"ltp":1.72,"id":2309522}]}]}
{"op":"mcm","clk":"7781752946","pt":1540291732071,"mc":[{"id":"1.149959377","rc":[{"ltp":1.73,"id":2309522}]}]}
{"op":"mcm","clk":"7781756004","pt":1540291788927,"mc":[{"id":"1.149959377","rc":[{"ltp":1.72,"id":2309522}]}]}
{"op":"mcm","clk":"7781760756","pt":1540291861076,"mc":[{"id":"1.149959377","rc":[{"ltp":2.36,"id":2497008}]}]}
{"op":"mcm","clk":"7781764631","pt":1540291922769,"mc":[{"id":"1.149959377","rc":[{"ltp":1.71,"id":2309522},{"ltp":2.38,"id":2497008}]}]}
{"op":"mcm","clk":"7781772194","pt":1540292031515,"mc":[{"id":"1.149959377","rc":[{"ltp":1.72,"id":2309522}]}]}
{"op":"mcm","clk":"7781781730","pt":1540292162765,"mc":[{"id":"1.149959377","rc":[{"ltp":1.73,"id":2309522}]}]}
{"op":"mcm","clk":"7781783978","pt":1540292195753,"mc":[{"id":"1.149959377","rc":[{"ltp":2.36,"id":2497008}]}]}
{"op":"mcm","clk":"7781800142","pt":1540292282381,"mc":[{"id":"1.149959377","rc":[{"ltp":1.72,"id":2309522},{"ltp":2.38,"id":2497008}]}]}
{"op":"mcm","clk":"7781804349","pt":1540292342752,"mc":[{"id":"1.149959377","rc":[{"ltp":2.36,"id":2497008}]}]}
{"op":"mcm","clk":"7781807451","pt":1540292391988,"mc":[{"id":"1.149959377","rc":[{"ltp":1.73,"id":2309522}]}]}
{"op":"mcm","clk":"7781820113","pt":1540292582776,"mc":[{"id":"1.149959377","rc":[{"ltp":1.74,"id":2309522}]}]}
{"op":"mcm","clk":"7781823945","pt":1540292642652,"mc":[{"id":"1.149959377","rc":[{"ltp":1.73,"id":2309522}]}]}
{"op":"mcm","clk":"7781830864","pt":1540292756610,"mc":[{"id":"1.149959377","rc":[{"ltp":1.72,"id":2309522},{"ltp":2.38,"id":2497008}]}]}
{"op":"mcm","clk":"7781833762","pt":1540292804362,"mc":[{"id":"1.149959377","rc":[{"ltp":2.36,"id":2497008}]}]}
{"op":"mcm","clk":"7781842531","pt":1540292937416,"mc":[{"id":"1.149959377","rc":[{"ltp":2.38,"id":2497008}]}]}
{"op":"mcm","clk":"7781849476","pt":1540293050792,"mc":[{"id":"1.149959377","rc":[{"ltp":1.71,"id":2309522}]}]}
{"op":"mcm","clk":"7781868201","pt":1540293182204,"mc":[{"id":"1.149959377","rc":[{"ltp":2.42,"id":2497008}]}]}
{"op":"mcm","clk":"7781872261","pt":1540293236728,"mc":[{"id":"1.149959377","rc":[{"ltp":1.69,"id":2309522},{"ltp":2.46,"id":2497008}]}]}
{"op":"mcm","clk":"7781877831","pt":1540293302598,"mc":[{"id":"1.149959377","rc":[{"ltp":2.42,"id":2497008}]}]}
{"op":"mcm","clk":"7781883184","pt":1540293360271,"mc":[{"id":"1.149959377","rc":[{"ltp":1.7,"id":2309522},{"ltp":2.44,"id":2497008}]}]}
{"op":"mcm","clk":"7781888711","pt":1540293420776,"mc":[{"id":"1.149959377","rc":[{"ltp":2.42,"id":2497008}]}]}
{"op":"mcm","clk":"7781898501","pt":1540293536779,"mc":[{"id":"1.149959377","marketDefinition":{"bspMarket":false,"turnInPlayEnabled":true,"persistenceEnabled":true,"marketBaseRate":5.0,"eventId":"28968806","eventTypeId":"2","numberOfWinners":1,"bettingType":"ODDS","marketType":"MATCH_ODDS","marketTime":"2018-10-23T11:18:00.000Z","suspendTime":"2018-10-23T11:18:00.000Z","bspReconciled":false,"complete":true,"inPlay":false,"crossMatching":true,"runnersVoidable":false,"numberOfActiveRunners":2,"betDelay":0,"status":"OPEN","runners":[{"status":"ACTIVE","sortPriority":1,"id":2309522,"name":"Caroline Wozniacki"},{"status":"ACTIVE","sortPriority":2,"id":2497008,"name":"Petra Kvitova"}],"regulators":["MR_INT"],"countryCode":"SG","discountAllowed":true,"timezone":"UTC","openDate":"2018-10-23T11:18:00.000Z","version":2471640480,"name":"Match Odds","eventName":"Wozniacki v Kvitova"},"rc":[{"ltp":2.44,"id":2497008}]}]}
{"op":"mcm","clk":"7781901740","pt":1540293581346,"mc":[{"id":"1.149959377","rc":[{"ltp":1.69,"id":2309522}]}]}
{"op":"mcm","clk":"7781906758","pt":1540293653921,"mc":[{"id":"1.149959377","rc":[{"ltp":1.7,"id":2309522},{"ltp":2.42,"id":2497008}]}]}
{"op":"mcm","clk":"7781911535","pt":1540293722299,"mc":[{"id":"1.149959377","rc":[{"ltp":1.69,"id":2309522}]}]}
{"op":"mcm","clk":"7781929251","pt":1540293957473,"mc":[{"id":"1.149959377","rc":[{"ltp":2.44,"id":2497008}]}]}
{"op":"mcm","clk":"7781935171","pt":1540294022645,"mc":[{"id":"1.149959377","rc":[{"ltp":1.7,"id":2309522},{"ltp":2.42,"id":2497008}]}]}
{"op":"mcm","clk":"7781958688","pt":1540294202738,"mc":[{"id":"1.149959377","rc":[{"ltp":1.69,"id":2309522},{"ltp":2.46,"id":2497008}]}]}
{"op":"mcm","clk":"7781962708","pt":1540294253468,"mc":[{"id":"1.149959377","rc":[{"ltp":1.7,"id":2309522},{"ltp":2.44,"id":2497008}]}]}
{"op":"mcm","clk":"7781966462","pt":1540294322330,"mc":[{"id":"1.149959377","rc":[{"ltp":1.69,"id":2309522}]}]}
{"op":"mcm","clk":"7781969809","pt":1540294378447,"mc":[{"id":"1.149959377","rc":[{"ltp":1.7,"id":2309522}]}]}
{"op":"mcm","clk":"7781974032","pt":1540294441584,"mc":[{"id":"1.149959377","rc":[{"ltp":1.69,"id":2309522}]}]}
{"op":"mcm","clk":"7781991120","pt":1540294679438,"mc":[{"id":"1.149959377","rc":[{"ltp":1.68,"id":2309522}]}]}
{"op":"mcm","clk":"7781996264","pt":1540294742501,"mc":[{"id":"1.149959377","rc":[{"ltp":1.69,"id":2309522},{"ltp":2.48,"id":2497008}]}]}
{"op":"mcm","clk":"7782001010","pt":1540294802769,"mc":[{"id":"1.149959377","rc":[{"ltp":1.68,"id":2309522},{"ltp":2.44,"id":2497008}]}]}
{"op":"mcm","clk":"7782006166","pt":1540294860919,"mc":[{"id":"1.149959377","rc":[{"ltp":2.48,"id":2497008}]}]}
{"op":"mcm","clk":"7782011066","pt":1540294922767,"mc":[{"id":"1.149959377","marketDefinition":{"bspMarket":false,"turnInPlayEnabled":true,"persistenceEnabled":true,"marketBaseRate":5.0,"eventId":"28968806","eventTypeId":"2","numberOfWinners":1,"bettingType":"ODDS","marketType":"MATCH_ODDS","marketTime":"2018-10-23T11:18:00.000Z","suspendTime":"2018-10-23T11:18:00.000Z","bspReconciled":false,"complete":true,"inPlay":true,"crossMatching":true,"runnersVoidable":false,"numberOfActiveRunners":2,"betDelay":5,"status":"OPEN","runners":[{"status":"ACTIVE","sortPriority":1,"id":2309522,"name":"Caroline Wozniacki"},{"status":"ACTIVE","sortPriority":2,"id":2497008,"name":"Petra Kvitova"}],"regulators":["MR_INT"],"countryCode":"SG","discountAllowed":true,"timezone":"UTC","openDate":"2018-10-23T11:18:00.000Z","version":2471674672,"name":"Match Odds","eventName":"Wozniacki v Kvitova"},"rc":[{"ltp":1.79,"id":2309522},{"ltp":2.28,"id":2497008}]}]}
{"op":"mcm","clk":"7782026360","pt":1540294982550,"mc":[{"id":"1.149959377","rc":[{"ltp":1.81,"id":2309522},{"ltp":2.36,"id":2497008}]}]}
{"op":"mcm","clk":"7782031672","pt":1540295042686,"mc":[{"id":"1.149959377","rc":[{"ltp":2.08,"id":2309522},{"ltp":1.9,"id":2497008}]}]}
{"op":"mcm","clk":"7782037378","pt":1540295102608,"mc":[{"id":"1.149959377","rc":[{"ltp":1.77,"id":2309522},{"ltp":2.3,"id":2497008}]}]}
{"op":"mcm","clk":"7782042638","pt":1540295162789,"mc":[{"id":"1.149959377","rc":[{"ltp":1.61,"id":2309522},{"ltp":2.62,"id":2497008}]}]}
{"op":"mcm","clk":"7782047541","pt":1540295221809,"mc":[{"id":"1.149959377","rc":[{"ltp":1.65,"id":2309522},{"ltp":2.52,"id":2497008}]}]}
{"op":"mcm","clk":"7782057042","pt":1540295342753,"mc":[{"id":"1.149959377","rc":[{"ltp":1.68,"id":2309522},{"ltp":2.5,"id":2497008}]}]}
{"op":"mcm","clk":"7782062001","pt":1540295401173,"mc":[{"id":"1.149959377","rc":[{"ltp":1.74,"id":2309522},{"ltp":2.36,"id":2497008}]}]}
{"op":"mcm","clk":"7782067208","pt":1540295462692,"mc":[{"id":"1.149959377","rc":[{"ltp":1.75,"id":2309522},{"ltp":2.32,"id":2497008}]}]}
{"op":"mcm","clk":"7782072427","pt":1540295522739,"mc":[{"id":"1.149959377","rc":[{"ltp":1.61,"id":2309522},{"ltp":2.62,"id":2497008}]}]}
{"op":"mcm","clk":"7782077605","pt":1540295582621,"mc":[{"id":"1.149959377","rc":[{"ltp":1.6,"id":2309522},{"ltp":2.6,"id":2497008}]}]}
{"op":"mcm","clk":"7782082667","pt":1540295642135,"mc":[{"id":"1.149959377","rc":[{"ltp":1.61,"id":2309522},{"ltp":2.62,"id":2497008}]}]}
{"op":"mcm","clk":"7782087663","pt":1540295702591,"mc":[{"id":"1.149959377","rc":[{"ltp":1.54,"id":2309522},{"ltp":2.88,"id":2497008}]}]}
{"op":"mcm","clk":"7782092903","pt":1540295762692,"mc":[{"id":"1.149959377","rc":[{"ltp":1.63,"id":2309522},{"ltp":2.72,"id":2497008}]}]}
{"op":"mcm","clk":"7782099229","pt":1540295822694,"mc":[{"id":"1.149959377","rc":[{"ltp":1.47,"id":2309522},{"ltp":3.1,"id":2497008}]}]}
{"op":"mcm","clk":"7782116074","pt":1540295882582,"mc":[{"id":"1.149959377","rc":[{"ltp":1.55,"id":2309522},{"ltp":2.8,"id":2497008}]}]}
{"op":"mcm","clk":"7782122439","pt":1540295942699,"mc":[{"id":"1.149959377","rc":[{"ltp":1.72,"id":2309522},{"ltp":2.4,"id":2497008}]}]}
{"op":"mcm","clk":"7782127829","pt":1540296002726,"mc":[{"id":"1.149959377","rc":[{"ltp":1.61,"id":2309522},{"ltp":2.66,"id":2497008}]}]}
{"op":"mcm","clk":"7782134200","pt":1540296062795,"mc":[{"id":"1.149959377","rc":[{"ltp":1.6,"id":2309522},{"ltp":2.78,"id":2497008}]}]}
{"op":"mcm","clk":"7782140052","pt":1540296122315,"mc":[{"id":"1.149959377","rc":[{"ltp":1.54,"id":2309522},{"ltp":2.8,"id":2497008}]}]}
{"op":"mcm","clk":"7782144972","pt":1540296182500,"mc":[{"id":"1.149959377","rc":[{"ltp":1.53,"id":2309522},{"ltp":2.84,"id":2497008}]}]}
{"op":"mcm","clk":"7782150529","pt":1540296242568,"mc":[{"id":"1.149959377","rc":[{"ltp":1.55,"id":2309522},{"ltp":2.8,"id":2497008}]}]}
{"op":"mcm","clk":"7782155848","pt":1540296302781,"mc":[{"id":"1.149959377","rc":[{"ltp":1.71,"id":2309522},{"ltp":2.42,"id":2497008}]}]}
{"op":"mcm","clk":"7782161411","pt":1540296362361,"mc":[{"id":"1.149959377","rc":[{"ltp":1.77,"id":2309522},{"ltp":2.3,"id":2497008}]}]}
{"op":"mcm","clk":"7782166864","pt":1540296422588,"mc":[{"id":"1.149959377","rc":[{"ltp":1.78,"id":2309522},{"ltp":2.26,"id":2497008}]}]}
{"op":"mcm","clk":"7782172519","pt":1540296482458,"mc":[{"id":"1.149959377","rc":[{"ltp":1.64,"id":2309522},{"ltp":2.44,"id":2497008}]}]}
{"op":"mcm","clk":"7782177423","pt":1540296542132,"mc":[{"id":"1.149959377","rc":[{"ltp":1.59,"id":2309522},{"ltp":2.68,"id":2497008}]}]}
{"op":"mcm","clk":"7782182032","pt":1540296601836,"mc":[{"id":"1.149959377","rc":[{"ltp":1.58,"id":2309522},{"ltp":2.74,"id":2497008}]}]}
{"op":"mcm","clk":"7782186817","pt":1540296662724,"mc":[{"id":"1.149959377","rc":[{"ltp":1.66,"id":2309522},{"ltp":2.58,"id":2497008}]}]}
{"op":"mcm","clk":"7782192162","pt":1540296722716,"mc":[{"id":"1.149959377","rc":[{"ltp":1.65,"id":2309522},{"ltp":2.54,"id":2497008}]}]}
{"op":"mcm","clk":"7782208049","pt":1540296782569,"mc":[{"id":"1.149959377","rc":[{"ltp":1.45,"id":2309522},{"ltp":3.2,"id":2497008}]}]}
{"op":"mcm","clk":"7782214051","pt":1540296842690,"mc":[{"id":"1.149959377","rc":[{"ltp":1.3,"id":2309522},{"ltp":4.5,"id":2497008}]}]}
{"op":"mcm","clk":"7782219504","pt":1540296901674,"mc":[{"id":"1.149959377","rc":[{"ltp":1.32,"id":2309522},{"ltp":4.1,"id":2497008}]}]}
{"op":"mcm","clk":"7782224834","pt":1540296962515,"mc":[{"id":"1.149959377","rc":[{"ltp":1.31,"id":2309522},{"ltp":3.7,"id":2497008}]}]}
{"op":"mcm","clk":"7782229301","pt":1540297022611,"mc":[{"id":"1.149959377","rc":[{"ltp":1.32,"id":2309522},{"ltp":4.2,"id":2497008}]}]}
{"op":"mcm","clk":"7782233757","pt":1540297082076,"mc":[{"id":"1.149959377","rc":[{"ltp":1.42,"id":2309522},{"ltp":3.4,"id":2497008}]}]}
{"op":"mcm","clk":"7782238107","pt":1540297142597,"mc":[{"id":"1.149959377","rc":[{"ltp":1.57,"id":2309522},{"ltp":2.8,"id":2497008}]}]}
{"op":"mcm","clk":"7782242695","pt":1540297202426,"mc":[{"id":"1.149959377","rc":[{"ltp":2.74,"id":2497008}]}]}
{"op":"mcm","clk":"7782247440","pt":1540297262735,"mc":[{"id":"1.149959377","rc":[{"ltp":1.73,"id":2309522},{"ltp":2.32,"id":2497008}]}]}
{"op":"mcm","clk":"7782252063","pt":1540297322698,"mc":[{"id":"1.149959377","rc":[{"ltp":1.76,"id":2309522}]}]}
{"op":"mcm","clk":"7782256715","pt":1540297380467,"mc":[{"id":"1.149959377","rc":[{"ltp":1.66,"id":2309522},{"ltp":2.46,"id":2497008}]}]}
{"op":"mcm","clk":"7782262350","pt":1540297442752,"mc":[{"id":"1.149959377","rc":[{"ltp":1.69,"id":2309522},{"ltp":2.42,"id":2497008}]}]}
{"op":"mcm","clk":"7782267402","pt":1540297502492,"mc":[{"id":"1.149959377","rc":[{"ltp":1.85,"id":2309522},{"ltp":2.2,"id":2497008}]}]}
{"op":"mcm","clk":"7782273347","pt":1540297562604,"mc":[{"id":"1.149959377","rc":[{"ltp":1.86,"id":2309522},{"ltp":1.98,"id":2497008}]}]}
{"op":"mcm","clk":"7782278927","pt":1540297622685,"mc":[{"id":"1.149959377","rc":[{"ltp":1.7,"id":2309522},{"ltp":2.44,"id":2497008}]}]}
{"op":"mcm","clk":"7782295022","pt":1540297682741,"mc":[{"id":"1.149959377","rc":[{"ltp":2.16,"id":2309522},{"ltp":1.87,"id":2497008}]}]}
{"op":"mcm","clk":"7782300706","pt":1540297742698,"mc":[{"id":"1.149959377","rc":[{"ltp":1.7,"id":2309522},{"ltp":2.42,"id":2497008}]}]}
{"op":"mcm","clk":"7782306329","pt":1540297802777,"mc":[{"id":"1.149959377","rc":[{"ltp":1.59,"id":2309522},{"ltp":2.68,"id":2497008}]}]}
{"op":"mcm","clk":"7782312120","pt":1540297861806,"mc":[{"id":"1.149959377","rc":[{"ltp":1.6,"id":2309522}]}]}
{"op":"mcm","clk":"7782317962","pt":1540297922548,"mc":[{"id":"1.149959377","rc":[{"ltp":1.44,"id":2309522},{"ltp":3.15,"id":2497008}]}]}
{"op":"mcm","clk":"7782323080","pt":1540297982454,"mc":[{"id":"1.149959377","rc":[{"ltp":1.43,"id":2309522},{"ltp":3.25,"id":2497008}]}]}
{"op":"mcm","clk":"7782328259","pt":1540298042252,"mc":[{"id":"1.149959377","rc":[{"ltp":1.33,"id":2309522},{"ltp":4.2,"id":2497008}]}]}
{"op":"mcm","clk":"7782333598","pt":1540298102756,"mc":[{"id":"1.149959377","rc":[{"ltp":1.26,"id":2309522},{"ltp":5.0,"id":2497008}]}]}
{"op":"mcm","clk":"7782338836","pt":1540298162598,"mc":[{"id":"1.149959377","rc":[{"ltp":4.9,"id":2497008}]}]}
{"op":"mcm","clk":"7782348599","pt":1540298282420,"mc":[{"id":"1.149959377","rc":[{"ltp":4.8,"id":2497008}]}]}
{"op":"mcm","clk":"7782353532","pt":1540298342661,"mc":[{"id":"1.149959377","rc":[{"ltp":1.32,"id":2309522}]}]}
{"op":"mcm","clk":"7782359204","pt":1540298402731,"mc":[{"id":"1.149959377","rc":[{"ltp":4.0,"id":2497008}]}]}
{"op":"mcm","clk":"7782364723","pt":1540298462687,"mc":[{"id":"1.149959377","rc":[{"ltp":1.36,"id":2309522},{"ltp":3.75,"id":2497008}]}]}
{"op":"mcm","clk":"7782370055","pt":1540298522242,"mc":[{"id":"1.149959377","rc":[{"ltp":1.44,"id":2309522},{"ltp":3.25,"id":2497008}]}]}
{"op":"mcm","clk":"7782386531","pt":1540298582686,"mc":[{"id":"1.149959377","rc":[{"ltp":1.34,"id":2309522},{"ltp":4.1,"id":2497008}]}]}
{"op":"mcm","clk":"7782392813","pt":1540298642676,"mc":[{"id":"1.149959377","rc":[{"ltp":1.29,"id":2309522},{"ltp":4.5,"id":2497008}]}]}
{"op":"mcm","clk":"7782398184","pt":1540298702701,"mc":[{"id":"1.149959377","rc":[{"ltp":1.26,"id":2309522},{"ltp":4.7,"id":2497008}]}]}
{"op":"mcm","clk":"7782403841","pt":1540298762652,"mc":[{"id":"1.149959377","rc":[{"ltp":1.24,"id":2309522}]}]}
{"op":"mcm","clk":"7782408856","pt":1540298822676,"mc":[{"id":"1.149959377","rc":[{"ltp":1.27,"id":2309522},{"ltp":4.8,"id":2497008}]}]}
{"op":"mcm","clk":"7782414509","pt":1540298882724,"mc":[{"id":"1.149959377","rc":[{"ltp":3.95,"id":2497008}]}]}
{"op":"mcm","clk":"7782420008","pt":1540298942124,"mc":[{"id":"1.149959377","rc":[{"ltp":1.29,"id":2309522},{"ltp":4.5,"id":2497008}]}]}
{"op":"mcm","clk":"7782425842","pt":1540299002739,"mc":[{"id":"1.149959377","rc":[{"ltp":1.36,"id":2309522},{"ltp":3.95,"id":2497008}]}]}
{"op":"mcm","clk":"7782431550","pt":1540299062613,"mc":[{"id":"1.149959377","rc":[{"ltp":1.44,"id":2309522},{"ltp":3.2,"id":2497008}]}]}
{"op":"mcm","clk":"7782436857","pt":1540299122372,"mc":[{"id":"1.149959377","rc":[{"ltp":3.25,"id":2497008}]}]}
{"op":"mcm","clk":"7782441821","pt":1540299182655,"mc":[{"id":"1.149959377","rc":[{"ltp":1.51,"id":2309522},{"ltp":2.96,"id":2497008}]}]}
{"op":"mcm","clk":"7782447341","pt":1540299242760,"mc":[{"id":"1.149959377","rc":[{"ltp":1.5,"id":2309522},{"ltp":3.0,"id":2497008}]}]}
{"op":"mcm","clk":"7782453044","pt":1540299302495,"mc":[{"id":"1.149959377","rc":[{"ltp":1.44,"id":2309522},{"ltp":3.3,"id":2497008}]}]}
{"op":"mcm","clk":"7782459304","pt":1540299362729,"mc":[{"id":"1.149959377","rc":[{"ltp":1.59,"id":2309522},{"ltp":2.62,"id":2497008}]}]}
{"op":"mcm","clk":"7782464242","pt":1540299422417,"mc":[{"id":"1.149959377","rc":[{"ltp":2.12,"id":2309522},{"ltp":1.87,"id":2497008}]}]}
{"op":"mcm","clk":"7782480395","pt":1540299482777,"mc":[{"id":"1.149959377","rc":[{"ltp":2.08,"id":2309522},{"ltp":1.92,"id":2497008}]}]}
{"op":"mcm","clk":"7782486205","pt":1540299542573,"mc":[{"id":"1.149959377","rc":[{"ltp":2.0,"id":2309522},{"ltp":2.02,"id":2497008}]}]}
{"op":"mcm","clk":"7782491864","pt":1540299601610,"mc":[{"id":"1.149959377","rc":[{"ltp":1.98,"id":2309522},{"ltp":2.0,"id":2497008}]}]}
{"op":"mcm","clk":"7782497841","pt":1540299661894,"mc":[{"id":"1.149959377","rc":[{"ltp":1.97,"id":2309522}]}]}
{"op":"mcm","clk":"7782503588","pt":1540299722670,"mc":[{"id":"1.149959377","rc":[{"ltp":1.7,"id":2309522},{"ltp":2.28,"id":2497008}]}]}
{"op":"mcm","clk":"7782508850","pt":1540299782665,"mc":[{"id":"1.149959377","rc":[{"ltp":2.46,"id":2497008}]}]}
{"op":"mcm","clk":"7782514234","pt":1540299842717,"mc":[{"id":"1.149959377","rc":[{"ltp":1.66,"id":2309522},{"ltp":2.5,"id":2497008}]}]}
{"op":"mcm","clk":"7782519447","pt":1540299902740,"mc":[{"id":"1.149959377","rc":[{"ltp":1.57,"id":2309522},{"ltp":2.74,"id":2497008}]}]}
{"op":"mcm","clk":"7782526030","pt":1540299962604,"mc":[{"id":"1.149959377","rc":[{"ltp":1.5,"id":2309522},{"ltp":2.92,"id":2497008}]}]}
{"op":"mcm","clk":"7782533878","pt":1540300022572,"mc":[{"id":"1.149959377","rc":[{"ltp":1.45,"id":2309522},{"ltp":3.2,"id":2497008}]}]}
{"op":"mcm","clk":"7782541929","pt":1540300082700,"mc":[{"id":"1.149959377","rc":[{"ltp":1.43,"id":2309522},{"ltp":3.35,"id":2497008}]}]}
{"op":"mcm","clk":"7782548923","pt":1540300142287,"mc":[{"id":"1.149959377","rc":[{"ltp":1.31,"id":2309522},{"ltp":4.2,"id":2497008}]}]}
{"op":"mcm","clk":"7782555642","pt":1540300201913,"mc":[{"id":"1.149959377","rc":[{"ltp":1.22,"id":2309522},{"ltp":5.6,"id":2497008}]}]}
{"op":"mcm","clk":"7782563100","pt":1540300262524,"mc":[{"id":"1.149959377","rc":[{"ltp":1.31,"id":2309522},{"ltp":4.0,"id":2497008}]}]}
{"op":"mcm","clk":"7782570175","pt":1540300322780,"mc":[{"id":"1.149959377","rc":[{"ltp":1.34,"id":2309522},{"ltp":3.9,"id":2497008}]}]}
{"op":"mcm","clk":"7782587209","pt":1540300382697,"mc":[{"id":"1.149959377","rc":[{"ltp":1.57,"id":2309522},{"ltp":3.1,"id":2497008}]}]}
{"op":"mcm","clk":"7782593237","pt":1540300442619,"mc":[{"id":"1.149959377","rc":[{"ltp":1.64,"id":2309522},{"ltp":2.56,"id":2497008}]}]}
{"op":"mcm","clk":"7782598934","pt":1540300502386,"mc":[{"id":"1.149959377","rc":[{"ltp":1.63,"id":2309522},{"ltp":2.58,"id":2497008}]}]}
{"op":"mcm","clk":"7782604970","pt":1540300562763,"mc":[{"id":"1.149959377","rc":[{"ltp":1.6,"id":2309522},{"ltp":2.6,"id":2497008}]}]}
{"op":"mcm","clk":"7782610864","pt":1540300622748,"mc":[{"id":"1.149959377","rc":[{"ltp":1.7,"id":2309522},{"ltp":2.44,"id":2497008}]}]}
{"op":"mcm","clk":"7782616942","pt":1540300682772,"mc":[{"id":"1.149959377","rc":[{"ltp":1.87,"id":2309522},{"ltp":2.16,"id":2497008}]}]}
{"op":"mcm","clk":"7782623385","pt":1540300742746,"mc":[{"id":"1.149959377","rc":[{"ltp":1.95,"id":2309522},{"ltp":2.08,"id":2497008}]}]}
{"op":"mcm","clk":"7782629288","pt":1540300802780,"mc":[{"id":"1.149959377","rc":[{"ltp":1.96,"id":2309522},{"ltp":2.04,"id":2497008}]}]}
{"op":"mcm","clk":"7782635639","pt":1540300862682,"mc":[{"id":"1.149959377","rc":[{"ltp":2.0,"id":2309522},{"ltp":1.98,"id":2497008}]}]}
{"op":"mcm","clk":"7782641828","pt":1540300922696,"mc":[{"id":"1.149959377","rc":[{"ltp":2.02,"id":2309522}]}]}
{"op":"mcm","clk":"7782647793","pt":1540300982716,"mc":[{"id":"1.149959377","rc":[{"ltp":2.18,"id":2309522},{"ltp":1.87,"id":2497008}]}]}
{"op":"mcm","clk":"7782654126","pt":1540301042688,"mc":[{"id":"1.149959377","rc":[{"ltp":2.14,"id":2309522}]}]}
{"op":"mcm","clk":"7782660314","pt":1540301102780,"mc":[{"id":"1.149959377","rc":[{"ltp":2.2,"id":2309522},{"ltp":1.81,"id":2497008}]}]}
{"op":"mcm","clk":"7782666767","pt":1540301162505,"mc":[{"id":"1.149959377","rc":[{"ltp":2.22,"id":2309522},{"ltp":1.84,"id":2497008}]}]}
{"op":"mcm","clk":"7782672701","pt":1540301222295,"mc":[{"id":"1.149959377","rc":[{"ltp":1.89,"id":2309522},{"ltp":2.08,"id":2497008}]}]}
{"op":"mcm","clk":"7782689878","pt":1540301282703,"mc":[{"id":"1.149959377","rc":[{"ltp":1.9,"id":2309522},{"ltp":2.06,"id":2497008}]}]}
{"op":"mcm","clk":"7782696504","pt":1540301342767,"mc":[{"id":"1.149959377","rc":[{"ltp":1.64,"id":2309522},{"ltp":2.52,"id":2497008}]}]}
{"op":"mcm","clk":"7782702944","pt":1540301402688,"mc":[{"id":"1.149959377","rc":[{"ltp":1.54,"id":2309522},{"ltp":2.9,"id":2497008}]}]}
{"op":"mcm","clk":"7782709831","pt":1540301462760,"mc":[{"id":"1.149959377","rc":[{"ltp":1.45,"id":2309522},{"ltp":3.2,"id":2497008}]}]}
{"op":"mcm","clk":"7782716681","pt":1540301522592,"mc":[{"id":"1.149959377","rc":[{"ltp":1.32,"id":2309522},{"ltp":4.0,"id":2497008}]}]}
{"op":"mcm","clk":"7782723207","pt":1540301582725,"mc":[{"id":"1.149959377","rc":[{"ltp":1.34,"id":2309522},{"ltp":3.9,"id":2497008}]}]}
{"op":"mcm","clk":"7782729582","pt":1540301642329,"mc":[{"id":"1.149959377","rc":[{"ltp":1.36,"id":2309522},{"ltp":3.75,"id":2497008}]}]}
{"op":"mcm","clk":"7782735283","pt":1540301702629,"mc":[{"id":"1.149959377","rc":[{"ltp":1.28,"id":2309522},{"ltp":4.4,"id":2497008}]}]}
{"op":"mcm","clk":"7782741472","pt":1540301762577,"mc":[{"id":"1.149959377","rc":[{"ltp":1.29,"id":2309522},{"ltp":4.5,"id":2497008}]}]}
{"op":"mcm","clk":"7782747970","pt":1540301822583,"mc":[{"id":"1.149959377","rc":[{"ltp":1.37,"id":2309522},{"ltp":3.7,"id":2497008}]}]}
{"op":"mcm","clk":"7782755107","pt":1540301882510,"mc":[{"id":"1.149959377","rc":[{"ltp":1.45,"id":2309522},{"ltp":3.15,"id":2497008}]}]}
{"op":"mcm","clk":"7782762099","pt":1540301942740,"mc":[{"id":"1.149959377","rc":[{"ltp":1.44,"id":2309522},{"ltp":3.2,"id":2497008}]}]}
{"op":"mcm","clk":"7782768249","pt":1540302002531,"mc":[{"id":"1.149959377","rc":[{"ltp":1.36,"id":2309522},{"ltp":3.5,"id":2497008}]}]}
{"op":"mcm","clk":"7782774192","pt":1540302062693,"mc":[{"id":"1.149959377","rc":[{"ltp":1.45,"id":2309522},{"ltp":3.25,"id":2497008}]}]}
{"op":"mcm","clk":"7782779701","pt":1540302122532,"mc":[{"id":"1.149959377","rc":[{"ltp":1.36,"id":2309522},{"ltp":3.2,"id":2497008}]}]}
{"op":"mcm","clk":"7782796311","pt":1540302182674,"mc":[{"id":"1.149959377","rc":[{"ltp":1.65,"id":2309522},{"ltp":2.5,"id":2497008}]}]}
{"op":"mcm","clk":"7782802053","pt":1540302242617,"mc":[{"id":"1.149959377","rc":[{"ltp":1.34,"id":2309522},{"ltp":3.4,"id":2497008}]}]}
{"op":"mcm","clk":"7782807538","pt":1540302302723,"mc":[{"id":"1.149959377","rc":[{"ltp":1.24,"id":2309522},{"ltp":5.1,"id":2497008}]}]}
{"op":"mcm","clk":"7782812822","pt":1540302362753,"mc":[{"id":"1.149959377","rc":[{"ltp":1.18,"id":2309522},{"ltp":5.5,"id":2497008}]}]}
{"op":"mcm","clk":"7782818056","pt":1540302422756,"mc":[{"id":"1.149959377","rc":[{"ltp":1.15,"id":2309522},{"ltp":11.0,"id":2497008}]}]}
{"op":"mcm","clk":"7782823345","pt":1540302482645,"mc":[{"id":"1.149959377","rc":[{"ltp":1.1,"id":2309522}]}]}
{"op":"mcm","clk":"7782828767","pt":1540302542620,"mc":[{"id":"1.149959377","rc":[{"ltp":1.06,"id":2309522},{"ltp":17.5,"id":2497008}]}]}
{"op":"mcm","clk":"7782834251","pt":1540302602195,"mc":[{"id":"1.149959377","rc":[{"ltp":1.07,"id":2309522},{"ltp":16.0,"id":2497008}]}]}
{"op":"mcm","clk":"7782839762","pt":1540302662554,"mc":[{"id":"1.149959377","rc":[{"ltp":1.06,"id":2309522},{"ltp":15.0,"id":2497008}]}]}
{"op":"mcm","clk":"7782845940","pt":1540302722686,"mc":[{"id":"1.149959377","rc":[{"ltp":1.03,"id":2309522},{"ltp":34.0,"id":2497008}]}]}
{"op":"mcm","clk":"7782851555","pt":1540302782747,"mc":[{"id":"1.149959377","rc":[{"ltp":1.02,"id":2309522},{"ltp":50.0,"id":2497008}]}]}
{"op":"mcm","clk":"7782856662","pt":1540302842765,"mc":[{"id":"1.149959377","rc":[{"ltp":1.03,"id":2309522},{"ltp":36.0,"id":2497008}]}]}
{"op":"mcm","clk":"7782861795","pt":1540302902596,"mc":[{"id":"1.149959377","rc":[{"ltp":29.0,"id":2497008}]}]}
{"op":"mcm","clk":"7782866907","pt":1540302962449,"mc":[{"id":"1.149959377","rc":[{"ltp":1.04,"id":2309522}]}]}
{"op":"mcm","clk":"7782871645","pt":1540303022221,"mc":[{"id":"1.149959377","rc":[{"ltp":1.03,"id":2309522},{"ltp":28.0,"id":2497008}]}]}
{"op":"mcm","clk":"7782886555","pt":1540303080483,"mc":[{"id":"1.149959377","rc":[{"ltp":1.05,"id":2309522},{"ltp":27.0,"id":2497008}]}]}
{"op":"mcm","clk":"7782891376","pt":1540303142702,"mc":[{"id":"1.149959377","rc":[{"ltp":1.03,"id":2309522},{"ltp":42.0,"id":2497008}]}]}
{"op":"mcm","clk":"7782896078","pt":1540303202400,"mc":[{"id":"1.149959377","rc":[{"ltp":1.02,"id":2309522},{"ltp":36.0,"id":2497008}]}]}
{"op":"mcm","clk":"7782901056","pt":1540303258529,"mc":[{"id":"1.149959377","marketDefinition":{"bspMarket":false,"turnInPlayEnabled":true,"persistenceEnabled":true,"marketBaseRate":5.0,"eventId":"28968806","eventTypeId":"2","numberOfWinners":1,"bettingType":"ODDS","marketType":"MATCH_ODDS","marketTime":"2018-10-23T11:18:00.000Z","suspendTime":"2018-10-23T11:18:00.000Z","bspReconciled":false,"complete":true,"inPlay":true,"crossMatching":true,"runnersVoidable":false,"numberOfActiveRunners":2,"betDelay":5,"status":"SUSPENDED","runners":[{"status":"ACTIVE","sortPriority":1,"id":2309522,"name":"Caroline Wozniacki"},{"status":"ACTIVE","sortPriority":2,"id":2497008,"name":"Petra Kvitova"}],"regulators":["MR_INT"],"countryCode":"SG","discountAllowed":true,"timezone":"UTC","openDate":"2018-10-23T11:18:00.000Z","version":2471801976,"name":"Match Odds","eventName":"Wozniacki v Kvitova"},"rc":[{"ltp":1.01,"id":2309522},{"ltp":110.0,"id":2497008}]}]}
{"op":"mcm","clk":"7782906334","pt":1540303319749,"mc":[{"id":"1.149959377","marketDefinition":{"bspMarket":false,"turnInPlayEnabled":true,"persistenceEnabled":true,"marketBaseRate":5.0,"eventId":"28968806","eventTypeId":"2","numberOfWinners":1,"bettingType":"ODDS","marketType":"MATCH_ODDS","marketTime":"2018-10-23T11:18:00.000Z","suspendTime":"2018-10-23T11:18:00.000Z","bspReconciled":false,"complete":true,"inPlay":true,"crossMatching":false,"runnersVoidable":false,"numberOfActiveRunners":0,"betDelay":5,"status":"CLOSED","settledTime":"2018-10-23T14:01:29.000Z","runners":[{"status":"WINNER","sortPriority":1,"id":2309522,"name":"Caroline Wozniacki"},{"status":"LOSER","sortPriority":2,"id":2497008,"name":"Petra Kvitova"}],"regulators":["MR_INT"],"countryCode":"SG","discountAllowed":true,"timezone":"UTC","openDate":"2018-10-23T11:18:00.000Z","version":2471803060,"name":"Match Odds","eventName":"Wozniacki v Kvitova"}}]}
