{"op":"mcm","clk":"7743191623","pt":1539953701030,"mc":[{"id":"1.149846510","marketDefinition":{"bspMarket":false,"turnInPlayEnabled":true,"persistenceEnabled":true,"marketBaseRate":5.0,"eventId":"28964708","eventTypeId":"2","numberOfWinners":1,"bettingType":"ODDS","marketType":"MATCH_ODDS","marketTime":"2018-10-21T09:00:00.000Z","suspendTime":"2018-10-21T09:00:00.000Z","bspReconciled":false,"complete":true,"inPlay":false,"crossMatching":true,"runnersVoidable":false,"numberOfActiveRunners":2,"betDelay":0,"status":"OPEN","runners":[{"status":"ACTIVE","sortPriority":1,"id":2497008,"name":"Petra Kvitova"},{"status":"ACTIVE","sortPriority":2,"id":6324464,"name":"Elina Svitolina"}],"regulators":["MR_INT"],"countryCode":"SG","discountAllowed":true,"timezone":"UTC","openDate":"2018-10-21T09:00:00.000Z","version":2461539038,"name":"Match Odds","eventName":"Kvitova v Svitolina"}}]}
{"op":"mcm","clk":"7746206150","pt":1539971218127,"mc":[{"id":"1.149846510","rc":[{"ltp":1.74,"id":2497008}]}]}
{"op":"mcm","clk":"7748552363","pt":1539984871171,"mc":[{"id":"1.149846510","rc":[{"ltp":1.68,"id":2497008}]}]}
{"op":"mcm","clk":"7749901326","pt":1540002404251,"mc":[{"id":"1.149846510","rc":[{"ltp":1.66,"id":2497008},{"ltp":2.52,"id":6324464}]}]}
{"op":"mcm","clk":"7749921366","pt":1540002440648,"mc":[{"id":"1.149846510","rc":[{"ltp":1.68,"id":2497008},{"ltp":2.28,"id":6324464}]}]}
{"op":"mcm","clk":"7749927918","pt":1540002561354,"mc":[{"id":"1.149846510","rc":[{"ltp":2.3,"id":6324464}]}]}
{"op":"mcm","clk":"7750042421","pt":1540004251463,"mc":[{"id":"1.149846510","rc":[{"ltp":2.28,"id":6324464}]}]}
{"op":"mcm","clk":"7751844903","pt":1540022511450,"mc":[{"id":"1.149846510","rc":[{"ltp":1.7,"id":2497008}]}]}
{"op":"mcm","clk":"7751852415","pt":1540022572597,"mc":[{"id":"1.149846510","rc":[{"ltp":1.68,"id":2497008}]}]}
{"op":"mcm","clk":"7752708473","pt":1540028209676,"mc":[{"id":"1.149846510","rc":[{"ltp":1.67,"id":2497008}]}]}
{"op":"mcm","clk":"7753876940","pt":1540034309136,"mc":[{"id":"1.149846510","rc":[{"ltp":1.72,"id":2497008}]}]}
{"op":"mcm","clk":"7755100479","pt":1540039734278,"mc":[{"id":"1.149846510","rc":[{"ltp":1.67,"id":2497008}]}]}
{"op":"mcm","clk":"7756091957","pt":1540043757486,"mc":[{"id":"1.149846510","rc":[{"ltp":1.66,"id":2497008}]}]}
{"op":"mcm","clk":"7758110660","pt":1540051859440,"mc":[{"id":"1.149846510","rc":[{"ltp":2.52,"id":6324464}]}]}
{"op":"mcm","clk":"7758222212","pt":1540052374668,"mc":[{"id":"1.149846510","rc":[{"ltp":1.65,"id":2497008}]}]}
{"op":"mcm","clk":"7760000993","pt":1540062211647,"mc":[{"id":"1.149846510","rc":[{"ltp":1.64,"id":2497008}]}]}
{"op":"mcm","clk":"7760183168","pt":1540063239210,"mc":[{"id":"1.149846510","rc":[{"ltp":2.42,"id":6324464}]}]}
{"op":"mcm","clk":"7760408185","pt":1540064499191,"mc":[{"id":"1.149846510","rc":[{"ltp":1.7,"id":2497008}]}]}
{"op":"mcm","clk":"7760787147","pt":1540067259091,"mc":[{"id":"1.149846510","rc":[{"ltp":1.69,"id":2497008},{"ltp":2.46,"id":6324464}]}]}
{"op":"mcm","clk":"7760902363","pt":1540068280695,"mc":[{"id":"1.149846510","rc":[{"ltp":1.65,"id":2497008}]}]}
{"op":"mcm","clk":"7761002029","pt":1540069239662,"mc":[{"id":"1.149846510","rc":[{"ltp":1.62,"id":2497008},{"ltp":2.54,"id":6324464}]}]}
{"op":"mcm","clk":"7761028023","pt":1540069546357,"mc":[{"id":"1.149846510","rc":[{"ltp":1.63,"id":2497008}]}]}
{"op":"mcm","clk":"7761079267","pt":1540070043858,"mc":[{"id":"1.149846510","rc":[{"ltp":1.59,"id":2497008},{"ltp":2.62,"id":6324464}]}]}
{"op":"mcm","clk":"7761083887","pt":1540070097047,"mc":[{"id":"1.149846510","rc":[{"ltp":1.6,"id":2497008},{"ltp":2.58,"id":6324464}]}]}
{"op":"mcm","clk":"7761094170","pt":1540070215192,"mc":[{"id":"1.149846510","rc":[{"ltp":1.63,"id":2497008}]}]}
{"op":"mcm","clk":"7761166652","pt":1540071226294,"mc":[{"id":"1.149846510","rc":[{"ltp":2.52,"id":6324464}]}]}
{"op":"mcm","clk":"7761175670","pt":1540071383631,"mc":[{"id":"1.149846510","rc":[{"ltp":2.54,"id":6324464}]}]}
{"op":"mcm","clk":"7761185321","pt":1540071612780,"mc":[{"id":"1.149846510","rc":[{"ltp":2.52,"id":6324464}]}]}
{"op":"mcm","clk":"7761298484","pt":1540073261004,"mc":[{"id":"1.149846510","rc":[{"ltp":2.6,"id":6324464}]}]}
{"op":"mcm","clk":"7761302189","pt":1540073343587,"mc":[{"id":"1.149846510","rc":[{"ltp":2.54,"id":6324464}]}]}
{"op":"mcm","clk":"7761304877","pt":1540073402854,"mc":[{"id":"1.149846510","rc":[{"ltp":2.58,"id":6324464}]}]}
{"op":"mcm","clk":"7761337196","pt":1540073759839,"mc":[{"id":"1.149846510","rc":[{"ltp":1.66,"id":2497008}]}]}
{"op":"mcm","clk":"7761338646","pt":1540073792866,"mc":[{"id":"1.149846510","rc":[{"ltp":2.52,"id":6324464}]}]}
{"op":"mcm","clk":"7761393550","pt":1540074672912,"mc":[{"id":"1.149846510","rc":[{"ltp":1.65,"id":2497008}]}]}
{"op":"mcm","clk":"7761477796","pt":1540076163803,"mc":[{"id":"1.149846510","rc":[{"ltp":1.63,"id":2497008}]}]}
{"op":"mcm","clk":"7761678014","pt":1540078512667,"mc":[{"id":"1.149846510","rc":[{"ltp":1.62,"id":2497008}]}]}
{"op":"mcm","clk":"7761690798","pt":1540078699444,"mc":[{"id":"1.149846510","rc":[{"ltp":1.63,"id":2497008}]}]}
{"op":"mcm","clk":"7761918767","pt":1540081316468,"mc":[{"id":"1.149846510","rc":[{"ltp":1.64,"id":2497008},{"ltp":2.56,"id":6324464}]}]}
{"op":"mcm","clk":"7762131726","pt":1540083660347,"mc":[{"id":"1.149846510","rc":[{"ltp":2.52,"id":6324464}]}]}
{"op":"mcm","clk":"7762230168","pt":1540084779817,"mc":[{"id":"1.149846510","rc":[{"ltp":2.56,"id":6324464}]}]}
{"op":"mcm","clk":"7762238318","pt":1540084888531,"mc":[{"id":"1.149846510","rc":[{"ltp":1.62,"id":2497008},{"ltp":2.58,"id":6324464}]}]}
{"op":"mcm","clk":"7762309387","pt":1540085629045,"mc":[{"id":"1.149846510","rc":[{"ltp":1.64,"id":2497008}]}]}
{"op":"mcm","clk":"7762368138","pt":1540086255083,"mc":[{"id":"1.149846510","rc":[{"ltp":1.63,"id":2497008}]}]}
{"op":"mcm","clk":"7762390404","pt":1540086580065,"mc":[{"id":"1.149846510","rc":[{"ltp":1.64,"id":2497008}]}]}
{"op":"mcm","clk":"7762417163","pt":1540087013511,"mc":[{"id":"1.149846510","rc":[{"ltp":1.62,"id":2497008}]}]}
{"op":"mcm","clk":"7762447111","pt":1540087252406,"mc":[{"id":"1.149846510","rc":[{"ltp":1.61,"id":2497008}]}]}
{"op":"mcm","clk":"7762851536","pt":1540091394305,"mc":[{"id":"1.149846510","rc":[{"ltp":1.59,"id":2497008},{"ltp":2.68,"id":6324464}]}]}
{"op":"mcm","clk":"7763159409","pt":1540095113438,"mc":[{"id":"1.149846510","rc":[{"ltp":1.62,"id":2497008}]}]}
{"op":"mcm","clk":"7763197868","pt":1540095407528,"mc":[{"id":"1.149846510","rc":[{"ltp":1.6,"id":2497008}]}]}
{"op":"mcm","clk":"7763211804","pt":1540095552002,"mc":[{"id":"1.149846510","rc":[{"ltp":1.62,"id":2497008}]}]}
{"op":"mcm","clk":"7763241927","pt":1540095902138,"mc":[{"id":"1.149846510","rc":[{"ltp":1.6,"id":2497008}]}]}
{"op":"mcm","clk":"7763452109","pt":1540098112253,"mc":[{"id":"1.149846510","rc":[{"ltp":1.61,"id":2497008}]}]}
{"op":"mcm","clk":"7763535187","pt":1540098809792,"mc":[{"id":"1.149846510","rc":[{"ltp":2.62,"id":6324464}]}]}
{"op":"mcm","clk":"7763715718","pt":1540100420005,"mc":[{"id":"1.149846510","rc":[{"ltp":1.62,"id":2497008}]}]}
{"op":"mcm","clk":"7763727029","pt":1540100523315,"mc":[{"id":"1.149846510","rc":[{"ltp":1.61,"id":2497008}]}]}
{"op":"mcm","clk":"7763788855","pt":1540101013679,"mc":[{"id":"1.149846510","rc":[{"ltp":1.62,"id":2497008}]}]}
{"op":"mcm","clk":"7763849098","pt":1540101514329,"mc":[{"id":"1.149846510","rc":[{"ltp":1.61,"id":2497008}]}]}
{"op":"mcm","clk":"7763888242","pt":1540101900664,"mc":[{"id":"1.149846510","rc":[{"ltp":1.6,"id":2497008},{"ltp":2.64,"id":6324464}]}]}
{"op":"mcm","clk":"7763896219","pt":1540101982493,"mc":[{"id":"1.149846510","rc":[{"ltp":2.62,"id":6324464}]}]}
{"op":"mcm","clk":"7763926604","pt":1540102306961,"mc":[{"id":"1.149846510","rc":[{"ltp":1.62,"id":2497008}]}]}
{"op":"mcm","clk":"7763946060","pt":1540102367181,"mc":[{"id":"1.149846510","rc":[{"ltp":1.61,"id":2497008}]}]}
{"op":"mcm","clk":"7763952173","pt":1540102435577,"mc":[{"id":"1.149846510","rc":[{"ltp":1.62,"id":2497008}]}]}
{"op":"mcm","clk":"7763983642","pt":1540102779675,"mc":[{"id":"1.149846510","rc":[{"ltp":1.61,"id":2497008}]}]}
{"op":"mcm","clk":"7764006075","pt":1540103031158,"mc":[{"id":"1.149846510","rc":[{"ltp":1.6,"id":2497008}]}]}
{"op":"mcm","clk":"7764008361","pt":1540103059007,"mc":[{"id":"1.149846510","rc":[{"ltp":1.61,"id":2497008}]}]}
{"op":"mcm","clk":"7764084145","pt":1540103702108,"mc":[{"id":"1.149846510","rc":[{"ltp":1.64,"id":2497008},{"ltp":2.56,"id":6324464}]}]}
{"op":"mcm","clk":"7764098517","pt":1540103841457,"mc":[{"id":"1.149846510","rc":[{"ltp":2.54,"id":6324464}]}]}
{"op":"mcm","clk":"7764174510","pt":1540104473762,"mc":[{"id":"1.149846510","rc":[{"ltp":1.65,"id":2497008},{"ltp":2.52,"id":6324464}]}]}
{"op":"mcm","clk":"7764186134","pt":1540104604045,"mc":[{"id":"1.149846510","rc":[{"ltp":2.54,"id":6324464}]}]}
{"op":"mcm","clk":"7764199283","pt":1540104758451,"mc":[{"id":"1.149846510","rc":[{"ltp":1.66,"id":2497008}]}]}
{"op":"mcm","clk":"7764210796","pt":1540104902978,"mc":[{"id":"1.149846510","rc":[{"ltp":2.5,"id":6324464}]}]}
{"op":"mcm","clk":"7764216992","pt":1540104988388,"mc":[{"id":"1.149846510","rc":[{"ltp":2.52,"id":6324464}]}]}
{"op":"mcm","clk":"7764239363","pt":1540105121797,"mc":[{"id":"1.149846510","rc":[{"ltp":2.5,"id":6324464}]}]}
{"op":"mcm","clk":"7764323915","pt":1540106043700,"mc":[{"id":"1.149846510","rc":[{"ltp":1.67,"id":2497008},{"ltp":2.48,"id":6324464}]}]}
{"op":"mcm","clk":"7764330762","pt":1540106127154,"mc":[{"id":"1.149846510","rc":[{"ltp":1.66,"id":2497008}]}]}
{"op":"mcm","clk":"7764356686","pt":1540106463907,"mc":[{"id":"1.149846510","rc":[{"ltp":1.65,"id":2497008}]}]}
{"op":"mcm","clk":"7764362087","pt":1540106522807,"mc":[{"id":"1.149846510","rc":[{"ltp":1.66,"id":2497008},{"ltp":2.5,"id":6324464}]}]}
{"op":"mcm","clk":"7764370777","pt":1540106629952,"mc":[{"id":"1.149846510","rc":[{"ltp":1.67,"id":2497008}]}]}
{"op":"mcm","clk":"7764372787","pt":1540106655646,"mc":[{"id":"1.149846510","rc":[{"ltp":1.66,"id":2497008}]}]}
{"op":"mcm","clk":"7764384617","pt":1540106805606,"mc":[{"id":"1.149846510","rc":[{"ltp":1.67,"id":2497008}]}]}
{"op":"mcm","clk":"7764416399","pt":1540107002708,"mc":[{"id":"1.149846510","rc":[{"ltp":1.66,"id":2497008}]}]}
{"op":"mcm","clk":"7764418820","pt":1540107027293,"mc":[{"id":"1.149846510","rc":[{"ltp":1.67,"id":2497008}]}]}
{"op":"mcm","clk":"7764431826","pt":1540107174632,"mc":[{"id":"1.149846510","rc":[{"ltp":1.66,"id":2497008}]}]}
{"op":"mcm","clk":"7764451123","pt":1540107414270,"mc":[{"id":"1.149846510","rc":[{"ltp":1.62,"id":2497008},{"ltp":2.58,"id":6324464}]}]}
{"op":"mcm","clk":"7764456562","pt":1540107476559,"mc":[{"id":"1.149846510","rc":[{"ltp":1.63,"id":2497008}]}]}
{"op":"mcm","clk":"7764462560","pt":1540107537216,"mc":[{"id":"1.149846510","rc":[{"ltp":1.62,"id":2497008}]}]}
{"op":"mcm","clk":"7764467649","pt":1540107593408,"mc":[{"id":"1.149846510","rc":[{"ltp":1.63,"id":2497008}]}]}
{"op":"mcm","clk":"7764501135","pt":1540107778299,"mc":[{"id":"1.149846510","rc":[{"ltp":1.68,"id":2497008},{"ltp":2.46,"id":6324464}]}]}
{"op":"mcm","clk":"7764505972","pt":1540107827001,"mc":[{"id":"1.149846510","rc":[{"ltp":1.67,"id":2497008},{"ltp":2.52,"id":6324464}]}]}
{"op":"mcm","clk":"7764511624","pt":1540107889498,"mc":[{"id":"1.149846510","rc":[{"ltp":1.65,"id":2497008}]}]}
{"op":"mcm","clk":"7764524718","pt":1540108023948,"mc":[{"id":"1.149846510","rc":[{"ltp":2.5,"id":6324464}]}]}
{"op":"mcm","clk":"7764541114","pt":1540108199226,"mc":[{"id":"1.149846510","rc":[{"ltp":1.66,"id":2497008}]}]}
{"op":"mcm","clk":"7764547051","pt":1540108259193,"mc":[{"id":"1.149846510","rc":[{"ltp":1.65,"id":2497008}]}]}
{"op":"mcm","clk":"7764552573","pt":1540108317360,"mc":[{"id":"1.149846510","rc":[{"ltp":1.66,"id":2497008}]}]}
{"op":"mcm","clk":"7764574386","pt":1540108563170,"mc":[{"id":"1.149846510","rc":[{"ltp":1.65,"id":2497008}]}]}
{"op":"mcm","clk":"7764599331","pt":1540108672640,"mc":[{"id":"1.149846510","rc":[{"ltp":1.63,"id":2497008},{"ltp":2.58,"id":6324464}]}]}
{"op":"mcm","clk":"7764630473","pt":1540108983599,"mc":[{"id":"1.149846510","rc":[{"ltp":1.65,"id":2497008}]}]}
{"op":"mcm","clk":"7764636086","pt":1540109043256,"mc":[{"id":"1.149846510","rc":[{"ltp":1.63,"id":2497008}]}]}
{"op":"mcm","clk":"7764677959","pt":1540109459184,"mc":[{"id":"1.149846510","rc":[{"ltp":1.65,"id":2497008},{"ltp":2.56,"id":6324464}]}]}
{"op":"mcm","clk":"7764685073","pt":1540109523881,"mc":[{"id":"1.149846510","rc":[{"ltp":1.64,"id":2497008}]}]}
{"op":"mcm","clk":"7764706347","pt":1540109583924,"mc":[{"id":"1.149846510","rc":[{"ltp":1.66,"id":2497008},{"ltp":2.52,"id":6324464}]}]}
{"op":"mcm","clk":"7764712702","pt":1540109643428,"mc":[{"id":"1.149846510","rc":[{"ltp":1.65,"id":2497008}]}]}
{"op":"mcm","clk":"7764726216","pt":1540109762159,"mc":[{"id":"1.149846510","rc":[{"ltp":1.66,"id":2497008},{"ltp":2.5,"id":6324464}]}]}
{"op":"mcm","clk":"7764740099","pt":1540109883617,"mc":[{"id":"1.149846510","rc":[{"ltp":1.69,"id":2497008},{"ltp":2.42,"id":6324464}]}]}
{"op":"mcm","clk":"7764747052","pt":1540109942793,"mc":[{"id":"1.149846510","rc":[{"ltp":1.67,"id":2497008}]}]}
{"op":"mcm","clk":"7764753676","pt":1540109999032,"mc":[{"id":"1.149846510","rc":[{"ltp":2.46,"id":6324464}]}]}
{"op":"mcm","clk":"7764763023","pt":1540110061503,"mc":[{"id":"1.149846510","rc":[{"ltp":1.68,"id":2497008},{"ltp":2.48,"id":6324464}]}]}
{"op":"mcm","clk":"7764771411","pt":1540110123832,"mc":[{"id":"1.149846510","rc":[{"ltp":1.69,"id":2497008},{"ltp":2.46,"id":6324464}]}]}
{"op":"mcm","clk":"7764778532","pt":1540110183450,"mc":[{"id":"1.149846510","rc":[{"ltp":1.7,"id":2497008},{"ltp":2.44,"id":6324464}]}]}
{"op":"mcm","clk":"7764786182","pt":1540110242960,"mc":[{"id":"1.149846510","rc":[{"ltp":1.67,"id":2497008},{"ltp":2.48,"id":6324464}]}]}
{"op":"mcm","clk":"7764793907","pt":1540110303803,"mc":[{"id":"1.149846510","rc":[{"ltp":1.68,"id":2497008}]}]}
{"op":"mcm","clk":"7764807822","pt":1540110421612,"mc":[{"id":"1.149846510","rc":[{"ltp":1.67,"id":2497008},{"ltp":2.46,"id":6324464}]}]}
{"op":"mcm","clk":"7764827801","pt":1540110483483,"mc":[{"id":"1.149846510","rc":[{"ltp":1.68,"id":2497008}]}]}
{"op":"mcm","clk":"7764856750","pt":1540110723447,"mc":[{"id":"1.149846510","rc":[{"ltp":2.48,"id":6324464}]}]}
{"op":"mcm","clk":"7764879080","pt":1540110904048,"mc":[{"id":"1.149846510","rc":[{"ltp":1.7,"id":2497008},{"ltp":2.44,"id":6324464}]}]}
{"op":"mcm","clk":"7764884687","pt":1540110955302,"mc":[{"id":"1.149846510","rc":[{"ltp":1.69,"id":2497008}]}]}
{"op":"mcm","clk":"7764892077","pt":1540111013168,"mc":[{"id":"1.149846510","rc":[{"ltp":1.72,"id":2497008},{"ltp":2.42,"id":6324464}]}]}
{"op":"mcm","clk":"7764900687","pt":1540111083767,"mc":[{"id":"1.149846510","rc":[{"ltp":1.73,"id":2497008},{"ltp":2.38,"id":6324464}]}]}
{"op":"mcm","clk":"7764907581","pt":1540111140199,"mc":[{"id":"1.149846510","rc":[{"ltp":1.72,"id":2497008}]}]}
{"op":"mcm","clk":"7764914420","pt":1540111199794,"mc":[{"id":"1.149846510","rc":[{"ltp":1.71,"id":2497008},{"ltp":2.42,"id":6324464}]}]}
{"op":"mcm","clk":"7764921859","pt":1540111257971,"mc":[{"id":"1.149846510","rc":[{"ltp":1.73,"id":2497008},{"ltp":2.38,"id":6324464}]}]}
{"op":"mcm","clk":"7764948304","pt":1540111365763,"mc":[{"id":"1.149846510","rc":[{"ltp":1.71,"id":2497008}]}]}
{"op":"mcm","clk":"7764965513","pt":1540111503993,"mc":[{"id":"1.149846510","rc":[{"ltp":1.7,"id":2497008},{"ltp":2.42,"id":6324464}]}]}
{"op":"mcm","clk":"7764973491","pt":1540111563953,"mc":[{"id":"1.149846510","rc":[{"ltp":1.69,"id":2497008},{"ltp":2.44,"id":6324464}]}]}
{"op":"mcm","clk":"7765001980","pt":1540111796228,"mc":[{"id":"1.149846510","rc":[{"ltp":1.7,"id":2497008},{"ltp":2.42,"id":6324464}]}]}
{"op":"mcm","clk":"7765009381","pt":1540111857700,"mc":[{"id":"1.149846510","rc":[{"ltp":1.69,"id":2497008}]}]}
{"op":"mcm","clk":"7765046374","pt":1540112159398,"mc":[{"id":"1.149846510","rc":[{"ltp":1.7,"id":2497008}]}]}
{"op":"mcm","clk":"7765053245","pt":1540112223506,"mc":[{"id":"1.149846510","rc":[{"ltp":1.69,"id":2497008},{"ltp":2.46,"id":6324464}]}]}
{"op":"mcm","clk":"7765074171","pt":1540112283104,"mc":[{"id":"1.149846510","rc":[{"ltp":1.68,"id":2497008}]}]}
{"op":"mcm","clk":"7765080552","pt":1540112343790,"mc":[{"id":"1.149846510","marketDefinition":{"bspMarket":false,"turnInPlayEnabled":true,"persistenceEnabled":true,"marketBaseRate":5.0,"eventId":"28964708","eventTypeId":"2","numberOfWinners":1,"bettingType":"ODDS","marketType":"MATCH_ODDS","marketTime":"2018-10-21T08:55:00.000Z","suspendTime":"2018-10-21T08:55:00.000Z","bspReconciled":false,"complete":true,"inPlay":false,"crossMatching":true,"runnersVoidable":false,"numberOfActiveRunners":2,"betDelay":0,"status":"OPEN","runners":[{"status":"ACTIVE","sortPriority":1,"id":2497008,"name":"Petra Kvitova"},{"status":"ACTIVE","sortPriority":2,"id":6324464,"name":"Elina Svitolina"}],"regulators":["MR_INT"],"countryCode":"SG","discountAllowed":true,"timezone":"UTC","openDate":"2018-10-21T08:55:00.000Z","version":2467300065,"name":"Match Odds","eventName":"Kvitova v Svitolina"},"rc":[{"ltp":1.69,"id":2497008},{"ltp":2.44,"id":6324464}]}]}
{"op":"mcm","clk":"7765086636","pt":1540112403986,"mc":[{"id":"1.149846510","rc":[{"ltp":1.7,"id":2497008},{"ltp":2.42,"id":6324464}]}]}
{"op":"mcm","clk":"7765100997","pt":1540112523099,"mc":[{"id":"1.149846510","rc":[{"ltp":2.44,"id":6324464}]}]}
{"op":"mcm","clk":"7765117735","pt":1540112643790,"mc":[{"id":"1.149846510","rc":[{"ltp":1.69,"id":2497008}]}]}
{"op":"mcm","clk":"7765135882","pt":1540112762894,"mc":[{"id":"1.149846510","rc":[{"ltp":1.7,"id":2497008},{"ltp":2.42,"id":6324464}]}]}
{"op":"mcm","clk":"7765154194","pt":1540112883612,"mc":[{"id":"1.149846510","rc":[{"ltp":1.68,"id":2497008},{"ltp":2.46,"id":6324464}]}]}
{"op":"mcm","clk":"7765173789","pt":1540113003955,"mc":[{"id":"1.149846510","rc":[{"ltp":2.48,"id":6324464}]}]}
{"op":"mcm","clk":"7765182949","pt":1540113063484,"mc":[{"id":"1.149846510","rc":[{"ltp":2.44,"id":6324464}]}]}
{"op":"mcm","clk":"7765192435","pt":1540113121961,"mc":[{"id":"1.149846510","rc":[{"ltp":1.69,"id":2497008}]}]}
{"op":"mcm","clk":"7765215794","pt":1540113183900,"mc":[{"id":"1.149846510","marketDefinition":{"bspMarket":false,"turnInPlayEnabled":true,"persistenceEnabled":true,"marketBaseRate":5.0,"eventId":"28964708","eventTypeId":"2","numberOfWinners":1,"bettingType":"ODDS","marketType":"MATCH_ODDS","marketTime":"2018-10-21T08:55:00.000Z","suspendTime":"2018-10-21T08:55:00.000Z","bspReconciled":false,"complete":true,"inPlay":true,"crossMatching":true,"runnersVoidable":false,"numberOfActiveRunners":2,"betDelay":5,"status":"OPEN","runners":[{"status":"ACTIVE","sortPriority":1,"id":2497008,"name":"Petra Kvitova"},{"status":"ACTIVE","sortPriority":2,"id":6324464,"name":"Elina Svitolina"}],"regulators":["MR_INT"],"countryCode":"SG","discountAllowed":true,"timezone":"UTC","openDate":"2018-10-21T08:55:00.000Z","version":2467330116,"name":"Match Odds","eventName":"Kvitova v Svitolina"},"rc":[{"ltp":1.73,"id":2497008},{"ltp":2.4,"id":6324464}]}]}
{"op":"mcm","clk":"7765224871","pt":1540113244028,"mc":[{"id":"1.149846510","rc":[{"ltp":1.91,"id":2497008},{"ltp":2.04,"id":6324464}]}]}
{"op":"mcm","clk":"7765233642","pt":1540113303777,"mc":[{"id":"1.149846510","rc":[{"ltp":2.12,"id":2497008},{"ltp":1.88,"id":6324464}]}]}
{"op":"mcm","clk":"7765242468","pt":1540113364042,"mc":[{"id":"1.149846510","rc":[{"ltp":1.93,"id":2497008},{"ltp":2.06,"id":6324464}]}]}
{"op":"mcm","clk":"7765251068","pt":1540113423519,"mc":[{"id":"1.149846510","rc":[{"ltp":2.12,"id":2497008},{"ltp":1.86,"id":6324464}]}]}
{"op":"mcm","clk":"7765259088","pt":1540113483886,"mc":[{"id":"1.149846510","rc":[{"ltp":1.88,"id":2497008},{"ltp":2.14,"id":6324464}]}]}
{"op":"mcm","clk":"7765267455","pt":1540113543997,"mc":[{"id":"1.149846510","rc":[{"ltp":1.78,"id":2497008},{"ltp":2.32,"id":6324464}]}]}
{"op":"mcm","clk":"7765275773","pt":1540113603947,"mc":[{"id":"1.149846510","rc":[{"ltp":1.64,"id":2497008},{"ltp":2.5,"id":6324464}]}]}
{"op":"mcm","clk":"7765284853","pt":1540113663373,"mc":[{"id":"1.149846510","rc":[{"ltp":1.62,"id":2497008},{"ltp":2.62,"id":6324464}]}]}
{"op":"mcm","clk":"7765293508","pt":1540113723607,"mc":[{"id":"1.149846510","rc":[{"ltp":1.7,"id":2497008},{"ltp":2.42,"id":6324464}]}]}
{"op":"mcm","clk":"7765303020","pt":1540113784041,"mc":[{"id":"1.149846510","rc":[{"ltp":1.63,"id":2497008},{"ltp":2.58,"id":6324464}]}]}
{"op":"mcm","clk":"7765312792","pt":1540113843784,"mc":[{"id":"1.149846510","rc":[{"ltp":1.57,"id":2497008},{"ltp":2.78,"id":6324464}]}]}
{"op":"mcm","clk":"7765330955","pt":1540113963549,"mc":[{"id":"1.149846510","rc":[{"ltp":1.49,"id":2497008},{"ltp":3.05,"id":6324464}]}]}
{"op":"mcm","clk":"7765339985","pt":1540114023729,"mc":[{"id":"1.149846510","rc":[{"ltp":1.63,"id":2497008},{"ltp":2.6,"id":6324464}]}]}
{"op":"mcm","clk":"7765363290","pt":1540114083675,"mc":[{"id":"1.149846510","rc":[{"ltp":1.62,"id":2497008},{"ltp":2.56,"id":6324464}]}]}
{"op":"mcm","clk":"7765372496","pt":1540114143984,"mc":[{"id":"1.149846510","rc":[{"ltp":1.74,"id":2497008},{"ltp":2.36,"id":6324464}]}]}
{"op":"mcm","clk":"7765381852","pt":1540114203967,"mc":[{"id":"1.149846510","rc":[{"ltp":1.73,"id":2497008},{"ltp":2.42,"id":6324464}]}]}
{"op":"mcm","clk":"7765391660","pt":1540114263967,"mc":[{"id":"1.149846510","rc":[{"ltp":1.9,"id":2497008},{"ltp":2.12,"id":6324464}]}]}
{"op":"mcm","clk":"7765401622","pt":1540114323836,"mc":[{"id":"1.149846510","rc":[{"ltp":1.96,"id":2497008},{"ltp":2.02,"id":6324464}]}]}
{"op":"mcm","clk":"7765411074","pt":1540114383667,"mc":[{"id":"1.149846510","rc":[{"ltp":1.8,"id":2497008},{"ltp":2.3,"id":6324464}]}]}
{"op":"mcm","clk":"7765420416","pt":1540114443967,"mc":[{"id":"1.149846510","rc":[{"ltp":1.68,"id":2497008},{"ltp":2.46,"id":6324464}]}]}
{"op":"mcm","clk":"7765430505","pt":1540114503136,"mc":[{"id":"1.149846510","rc":[{"ltp":1.69,"id":2497008},{"ltp":2.48,"id":6324464}]}]}
{"op":"mcm","clk":"7765440587","pt":1540114564000,"mc":[{"id":"1.149846510","rc":[{"ltp":1.61,"id":2497008},{"ltp":2.64,"id":6324464}]}]}
{"op":"mcm","clk":"7765449630","pt":1540114623982,"mc":[{"id":"1.149846510","rc":[{"ltp":1.62,"id":2497008},{"ltp":2.62,"id":6324464}]}]}
{"op":"mcm","clk":"7765459563","pt":1540114683865,"mc":[{"id":"1.149846510","rc":[{"ltp":1.44,"id":2497008},{"ltp":3.25,"id":6324464}]}]}
{"op":"mcm","clk":"7765468872","pt":1540114743774,"mc":[{"id":"1.149846510","rc":[{"ltp":1.55,"id":2497008},{"ltp":3.0,"id":6324464}]}]}
{"op":"mcm","clk":"7765477461","pt":1540114803865,"mc":[{"id":"1.149846510","rc":[{"ltp":1.77,"id":2497008},{"ltp":2.28,"id":6324464}]}]}
{"op":"mcm","clk":"7765486632","pt":1540114863947,"mc":[{"id":"1.149846510","rc":[{"ltp":1.93,"id":2497008},{"ltp":2.08,"id":6324464}]}]}
{"op":"mcm","clk":"7765495258","pt":1540114923736,"mc":[{"id":"1.149846510","rc":[{"ltp":1.85,"id":2497008},{"ltp":2.22,"id":6324464}]}]}
{"op":"mcm","clk":"7765517884","pt":1540114983816,"mc":[{"id":"1.149846510","rc":[{"ltp":2.2,"id":2497008},{"ltp":1.82,"id":6324464}]}]}
{"op":"mcm","clk":"7765526836","pt":1540115043962,"mc":[{"id":"1.149846510","rc":[{"ltp":2.5,"id":2497008},{"ltp":1.67,"id":6324464}]}]}
{"op":"mcm","clk":"7765536370","pt":1540115103785,"mc":[{"id":"1.149846510","rc":[{"ltp":1.66,"id":6324464}]}]}
{"op":"mcm","clk":"7765545537","pt":1540115163959,"mc":[{"id":"1.149846510","rc":[{"ltp":2.24,"id":2497008},{"ltp":1.79,"id":6324464}]}]}
{"op":"mcm","clk":"7765554290","pt":1540115223869,"mc":[{"id":"1.149846510","rc":[{"ltp":2.5,"id":2497008},{"ltp":1.6,"id":6324464}]}]}
{"op":"mcm","clk":"7765562949","pt":1540115284009,"mc":[{"id":"1.149846510","rc":[{"ltp":2.7,"id":2497008},{"ltp":1.59,"id":6324464}]}]}
{"op":"mcm","clk":"7765571320","pt":1540115343943,"mc":[{"id":"1.149846510","rc":[{"ltp":3.1,"id":2497008},{"ltp":1.5,"id":6324464}]}]}
{"op":"mcm","clk":"7765580558","pt":1540115403927,"mc":[{"id":"1.149846510","rc":[{"ltp":3.3,"id":2497008},{"ltp":1.44,"id":6324464}]}]}
{"op":"mcm","clk":"7765589848","pt":1540115463449,"mc":[{"id":"1.149846510","rc":[{"ltp":3.85,"id":2497008},{"ltp":1.34,"id":6324464}]}]}
{"op":"mcm","clk":"7765598914","pt":1540115524006,"mc":[{"id":"1.149846510","rc":[{"ltp":4.0,"id":2497008},{"ltp":1.33,"id":6324464}]}]}
{"op":"mcm","clk":"7765607957","pt":1540115583161,"mc":[{"id":"1.149846510","rc":[{"ltp":3.85,"id":2497008},{"ltp":1.35,"id":6324464}]}]}
{"op":"mcm","clk":"7765616485","pt":1540115642980,"mc":[{"id":"1.149846510","rc":[{"ltp":3.9,"id":2497008},{"ltp":1.36,"id":6324464}]}]}
{"op":"mcm","clk":"7765625940","pt":1540115702987,"mc":[{"id":"1.149846510","rc":[{"ltp":3.85,"id":2497008}]}]}
{"op":"mcm","clk":"7765634315","pt":1540115763956,"mc":[{"id":"1.149846510","rc":[{"ltp":4.0,"id":2497008},{"ltp":1.32,"id":6324464}]}]}
{"op":"mcm","clk":"7765642346","pt":1540115823900,"mc":[{"id":"1.149846510","rc":[{"ltp":3.4,"id":2497008},{"ltp":1.4,"id":6324464}]}]}
{"op":"mcm","clk":"7765664785","pt":1540115883921,"mc":[{"id":"1.149846510","rc":[{"ltp":4.2,"id":2497008},{"ltp":1.31,"id":6324464}]}]}
{"op":"mcm","clk":"7765673750","pt":1540115943948,"mc":[{"id":"1.149846510","rc":[{"ltp":4.8,"id":2497008},{"ltp":1.26,"id":6324464}]}]}
{"op":"mcm","clk":"7765682068","pt":1540116003911,"mc":[{"id":"1.149846510","rc":[{"ltp":4.3,"id":2497008},{"ltp":1.3,"id":6324464}]}]}
{"op":"mcm","clk":"7765690990","pt":1540116063748,"mc":[{"id":"1.149846510","rc":[{"ltp":5.0,"id":2497008},{"ltp":1.25,"id":6324464}]}]}
{"op":"mcm","clk":"7765701284","pt":1540116123879,"mc":[{"id":"1.149846510","rc":[{"ltp":4.0,"id":2497008},{"ltp":1.33,"id":6324464}]}]}
{"op":"mcm","clk":"7765711101","pt":1540116183892,"mc":[{"id":"1.149846510","rc":[{"ltp":3.65,"id":2497008},{"ltp":1.38,"id":6324464}]}]}
{"op":"mcm","clk":"7765721116","pt":1540116244047,"mc":[{"id":"1.149846510","rc":[{"ltp":2.98,"id":2497008},{"ltp":1.51,"id":6324464}]}]}
{"op":"mcm","clk":"7765731710","pt":1540116303661,"mc":[{"id":"1.149846510","rc":[{"ltp":3.55,"id":2497008},{"ltp":1.39,"id":6324464}]}]}
{"op":"mcm","clk":"7765742264","pt":1540116363833,"mc":[{"id":"1.149846510","rc":[{"ltp":3.0,"id":2497008},{"ltp":1.49,"id":6324464}]}]}
{"op":"mcm","clk":"7765752117","pt":1540116424040,"mc":[{"id":"1.149846510","rc":[{"ltp":4.2,"id":2497008},{"ltp":1.32,"id":6324464}]}]}
{"op":"mcm","clk":"7765762402","pt":1540116484039,"mc":[{"id":"1.149846510","rc":[{"ltp":3.55,"id":2497008},{"ltp":1.38,"id":6324464}]}]}
{"op":"mcm","clk":"7765772285","pt":1540116543819,"mc":[{"id":"1.149846510","rc":[{"ltp":2.86,"id":2497008},{"ltp":1.53,"id":6324464}]}]}
{"op":"mcm","clk":"7765782097","pt":1540116603928,"mc":[{"id":"1.149846510","rc":[{"ltp":3.0,"id":2497008},{"ltp":1.5,"id":6324464}]}]}
{"op":"mcm","clk":"7765794625","pt":1540116663747,"mc":[{"id":"1.149846510","rc":[{"ltp":3.85,"id":2497008},{"ltp":1.35,"id":6324464}]}]}
{"op":"mcm","clk":"7765804524","pt":1540116724017,"mc":[{"id":"1.149846510","rc":[{"ltp":4.7,"id":2497008},{"ltp":1.28,"id":6324464}]}]}
{"op":"mcm","clk":"7765827820","pt":1540116783881,"mc":[{"id":"1.149846510","rc":[{"ltp":1.26,"id":6324464}]}]}
{"op":"mcm","clk":"7765837560","pt":1540116844017,"mc":[{"id":"1.149846510","rc":[{"ltp":5.3,"id":2497008},{"ltp":1.23,"id":6324464}]}]}
{"op":"mcm","clk":"7765847374","pt":1540116904019,"mc":[{"id":"1.149846510","rc":[{"ltp":4.1,"id":2497008},{"ltp":1.32,"id":6324464}]}]}
{"op":"mcm","clk":"7765856722","pt":1540116963715,"mc":[{"id":"1.149846510","rc":[{"ltp":3.85,"id":2497008},{"ltp":1.35,"id":6324464}]}]}
{"op":"mcm","clk":"7765866084","pt":1540117023914,"mc":[{"id":"1.149846510","rc":[{"ltp":4.1,"id":2497008}]}]}
{"op":"mcm","clk":"7765875664","pt":1540117084027,"mc":[{"id":"1.149846510","rc":[{"ltp":2.9,"id":2497008},{"ltp":1.53,"id":6324464}]}]}
{"op":"mcm","clk":"7765885444","pt":1540117144045,"mc":[{"id":"1.149846510","rc":[{"ltp":3.5,"id":2497008},{"ltp":1.4,"id":6324464}]}]}
{"op":"mcm","clk":"7765894518","pt":1540117203966,"mc":[{"id":"1.149846510","rc":[{"ltp":4.0,"id":2497008},{"ltp":1.33,"id":6324464}]}]}
{"op":"mcm","clk":"7765903659","pt":1540117263935,"mc":[{"id":"1.149846510","rc":[{"ltp":4.6,"id":2497008},{"ltp":1.28,"id":6324464}]}]}
{"op":"mcm","clk":"7765912811","pt":1540117323530,"mc":[{"id":"1.149846510","rc":[{"ltp":4.7,"id":2497008},{"ltp":1.27,"id":6324464}]}]}
{"op":"mcm","clk":"7765921903","pt":1540117384038,"mc":[{"id":"1.149846510","rc":[{"ltp":4.3,"id":2497008},{"ltp":1.3,"id":6324464}]}]}
{"op":"mcm","clk":"7765931364","pt":1540117443880,"mc":[{"id":"1.149846510","rc":[{"ltp":4.9,"id":2497008},{"ltp":1.26,"id":6324464}]}]}
{"op":"mcm","clk":"7765940069","pt":1540117503943,"mc":[{"id":"1.149846510","rc":[{"ltp":8.0,"id":2497008},{"ltp":1.14,"id":6324464}]}]}
{"op":"mcm","clk":"7765949555","pt":1540117563916,"mc":[{"id":"1.149846510","rc":[{"ltp":12.0,"id":2497008},{"ltp":1.08,"id":6324464}]}]}
{"op":"mcm","clk":"7765959019","pt":1540117624029,"mc":[{"id":"1.149846510","rc":[{"ltp":32.0,"id":2497008},{"ltp":1.04,"id":6324464}]}]}
{"op":"mcm","clk":"7765982058","pt":1540117683781,"mc":[{"id":"1.149846510","rc":[{"ltp":17.5,"id":2497008},{"ltp":1.06,"id":6324464}]}]}
{"op":"mcm","clk":"7765991928","pt":1540117743982,"mc":[{"id":"1.149846510","rc":[{"ltp":15.0,"id":2497008}]}]}
{"op":"mcm","clk":"7766001147","pt":1540117803783,"mc":[{"id":"1.149846510","rc":[{"ltp":27.0,"id":2497008},{"ltp":1.03,"id":6324464}]}]}
{"op":"mcm","clk":"7766010977","pt":1540117863807,"mc":[{"id":"1.149846510","rc":[{"ltp":30.0,"id":2497008},{"ltp":1.04,"id":6324464}]}]}
{"op":"mcm","clk":"7766020425","pt":1540117923971,"mc":[{"id":"1.149846510","rc":[{"ltp":34.0,"id":2497008},{"ltp":1.03,"id":6324464}]}]}
{"op":"mcm","clk":"7766030232","pt":1540117983837,"mc":[{"id":"1.149846510","rc":[{"ltp":29.0,"id":2497008},{"ltp":1.04,"id":6324464}]}]}
{"op":"mcm","clk":"7766040963","pt":1540118043684,"mc":[{"id":"1.149846510","rc":[{"ltp":34.0,"id":2497008}]}]}
{"op":"mcm","clk":"7766051392","pt":1540118103089,"mc":[{"id":"1.149846510","rc":[{"ltp":26.0,"id":2497008}]}]}
{"op":"mcm","clk":"7766061807","pt":1540118163875,"mc":[{"id":"1.149846510","rc":[{"ltp":32.0,"id":2497008},{"ltp":1.03,"id":6324464}]}]}
{"op":"mcm","clk":"7766071929","pt":1540118223989,"mc":[{"id":"1.149846510","rc":[{"ltp":17.5,"id":2497008},{"ltp":1.06,"id":6324464}]}]}
{"op":"mcm","clk":"7766081879","pt":1540118283807,"mc":[{"id":"1.149846510","rc":[{"ltp":1.04,"id":6324464}]}]}
{"op":"mcm","clk":"7766092571","pt":1540118343838,"mc":[{"id":"1.149846510","rc":[{"ltp":11.0,"id":2497008},{"ltp":1.1,"id":6324464}]}]}
{"op":"mcm","clk":"7766102563","pt":1540118403936,"mc":[{"id":"1.149846510","rc":[{"ltp":15.0,"id":2497008},{"ltp":1.07,"id":6324464}]}]}
{"op":"mcm","clk":"7766112987","pt":1540118463997,"mc":[{"id":"1.149846510","rc":[{"ltp":30.0,"id":2497008},{"ltp":1.03,"id":6324464}]}]}
{"op":"mcm","clk":"7766121748","pt":1540118516600,"mc":[{"id":"1.149846510","marketDefinition":{"bspMarket":false,"turnInPlayEnabled":true,"persistenceEnabled":true,"marketBaseRate":5.0,"eventId":"28964708","eventTypeId":"2","numberOfWinners":1,"bettingType":"ODDS","marketType":"MATCH_ODDS","marketTime":"2018-10-21T08:55:00.000Z","suspendTime":"2018-10-21T08:55:00.000Z","bspReconciled":false,"complete":true,"inPlay":true,"crossMatching":true,"runnersVoidable":false,"numberOfActiveRunners":2,"betDelay":5,"status":"SUSPENDED","runners":[{"status":"ACTIVE","sortPriority":1,"id":2497008,"name":"Petra Kvitova"},{"status":"ACTIVE","sortPriority":2,"id":6324464,"name":"Elina Svitolina"}],"regulators":["MR_INT"],"countryCode":"SG","discountAllowed":true,"timezone":"UTC","openDate":"2018-10-21T08:55:00.000Z","version":2467507141,"name":"Match Odds","eventName":"Kvitova v Svitolina"},"rc":[{"ltp":29.0,"id":2497008},{"ltp":1.04,"id":6324464}]}]}
{"op":"mcm","clk":"7766145694","pt":1540118579855,"mc":[{"id":"1.149846510","marketDefinition":{"bspMarket":false,"turnInPlayEnabled":true,"persistenceEnabled":true,"marketBaseRate":5.0,"eventId":"28964708","eventTypeId":"2","numberOfWinners":1,"bettingType":"ODDS","marketType":"MATCH_ODDS","marketTime":"2018-10-21T08:55:00.000Z","suspendTime":"2018-10-21T08:55:00.000Z","bspReconciled":false,"complete":true,"inPlay":true,"crossMatching":false,"runnersVoidable":false,"numberOfActiveRunners":0,"betDelay":5,"status":"CLOSED","settledTime":"2018-10-21T10:41:53.000Z","runners":[{"status":"LOSER","sortPriority":1,"id":2497008,"name":"Petra Kvitova"},{"status":"WINNER","sortPriority":2,"id":6324464,"name":"Elina Svitolina"}],"regulators":["MR_INT"],"countryCode":"SG","discountAllowed":true,"timezone":"UTC","openDate":"2018-10-21T08:55:00.000Z","version":2467508744,"name":"Match Odds","eventName":"Kvitova v Svitolina"}}]}
