{"op":"mcm","clk":"7728917555","pt":1539792836548,"mc":[{"id":"1.149732581","marketDefinition":{"bspMarket":false,"turnInPlayEnabled":true,"persistenceEnabled":true,"marketBaseRate":5.0,"eventId":"28961615","eventTypeId":"2","numberOfWinners":1,"bettingType":"ODDS","marketType":"MATCH_ODDS","marketTime":"2018-10-18T12:00:00.000Z","suspendTime":"2018-10-18T12:00:00.000Z","bspReconciled":false,"complete":true,"inPlay":false,"crossMatching":true,"runnersVoidable":false,"numberOfActiveRunners":2,"betDelay":0,"status":"OPEN","runners":[{"status":"ACTIVE","sortPriority":1,"id":7336089,"name":"Cameron Norrie"},{"status":"ACTIVE","sortPriority":2,"id":8736474,"name":"Diego Schwartzman"}],"regulators":["MR_INT"],"countryCode":"BE","discountAllowed":true,"timezone":"UTC","openDate":"2018-10-18T12:00:00.000Z","version":2459481683,"name":"Match Odds","eventName":"Norrie v Schwartzman"}}]}
{"op":"mcm","clk":"7730183072","pt":1539802960045,"mc":[{"id":"1.149732581","rc":[{"ltp":1.73,"id":8736474}]}]}
{"op":"mcm","clk":"7730335751","pt":1539804109623,"mc":[{"id":"1.149732581","rc":[{"ltp":2.4,"id":7336089}]}]}
{"op":"mcm","clk":"7730416339","pt":1539804751853,"mc":[{"id":"1.149732581","rc":[{"ltp":1.77,"id":8736474}]}]}
{"op":"mcm","clk":"7730430990","pt":1539804889032,"mc":[{"id":"1.149732581","rc":[{"ltp":2.28,"id":7336089}]}]}
{"op":"mcm","clk":"7730790426","pt":1539807788551,"mc":[{"id":"1.149732581","rc":[{"ltp":1.78,"id":8736474}]}]}
{"op":"mcm","clk":"7731065965","pt":1539811474832,"mc":[{"id":"1.149732581","rc":[{"ltp":1.73,"id":8736474},{"ltp":2.36,"id":7336089}]}]}
{"op":"mcm","clk":"7731071029","pt":1539811584208,"mc":[{"id":"1.149732581","rc":[{"ltp":1.68,"id":8736474},{"ltp":2.48,"id":7336089}]}]}
{"op":"mcm","clk":"7731091403","pt":1539811779484,"mc":[{"id":"1.149732581","rc":[{"ltp":1.67,"id":8736474}]}]}
{"op":"mcm","clk":"7731182105","pt":1539813391614,"mc":[{"id":"1.149732581","rc":[{"ltp":2.5,"id":7336089}]}]}
{"op":"mcm","clk":"7731202066","pt":1539813580940,"mc":[{"id":"1.149732581","rc":[{"ltp":1.65,"id":8736474}]}]}
{"op":"mcm","clk":"7731226431","pt":1539814060731,"mc":[{"id":"1.149732581","rc":[{"ltp":1.7,"id":8736474}]}]}
{"op":"mcm","clk":"7731229087","pt":1539814108613,"mc":[{"id":"1.149732581","rc":[{"ltp":1.65,"id":8736474}]}]}
{"op":"mcm","clk":"7731317203","pt":1539815269683,"mc":[{"id":"1.149732581","rc":[{"ltp":1.7,"id":8736474}]}]}
{"op":"mcm","clk":"7731389449","pt":1539816334837,"mc":[{"id":"1.149732581","rc":[{"ltp":1.65,"id":8736474}]}]}
{"op":"mcm","clk":"7731529966","pt":1539818081304,"mc":[{"id":"1.149732581","rc":[{"ltp":2.44,"id":7336089}]}]}
{"op":"mcm","clk":"7731624261","pt":1539819224815,"mc":[{"id":"1.149732581","rc":[{"ltp":1.66,"id":8736474}]}]}
{"op":"mcm","clk":"7731718493","pt":1539820298835,"mc":[{"id":"1.149732581","rc":[{"ltp":1.63,"id":8736474},{"ltp":2.6,"id":7336089}]}]}
{"op":"mcm","clk":"7731723145","pt":1539820367687,"mc":[{"id":"1.149732581","rc":[{"ltp":1.62,"id":8736474}]}]}
{"op":"mcm","clk":"7731726771","pt":1539820426597,"mc":[{"id":"1.149732581","rc":[{"ltp":1.6,"id":8736474},{"ltp":2.66,"id":7336089}]}]}
{"op":"mcm","clk":"7731757386","pt":1539820717880,"mc":[{"id":"1.149732581","rc":[{"ltp":1.59,"id":8736474}]}]}
{"op":"mcm","clk":"7731761858","pt":1539820780567,"mc":[{"id":"1.149732581","rc":[{"ltp":1.62,"id":8736474}]}]}
{"op":"mcm","clk":"7731850086","pt":1539821983062,"mc":[{"id":"1.149732581","rc":[{"ltp":2.62,"id":7336089}]}]}
{"op":"mcm","clk":"7732279268","pt":1539827269628,"mc":[{"id":"1.149732581","rc":[{"ltp":1.59,"id":8736474}]}]}
{"op":"mcm","clk":"7732651932","pt":1539833088329,"mc":[{"id":"1.149732581","rc":[{"ltp":1.6,"id":8736474}]}]}
{"op":"mcm","clk":"7732715131","pt":1539834157256,"mc":[{"id":"1.149732581","rc":[{"ltp":1.59,"id":8736474}]}]}
{"op":"mcm","clk":"7732771469","pt":1539835469070,"mc":[{"id":"1.149732581","rc":[{"ltp":1.62,"id":8736474}]}]}
{"op":"mcm","clk":"7732853325","pt":1539837043722,"mc":[{"id":"1.149732581","rc":[{"ltp":2.58,"id":7336089}]}]}
{"op":"mcm","clk":"7733039343","pt":1539840675072,"mc":[{"id":"1.149732581","rc":[{"ltp":1.61,"id":8736474}]}]}
{"op":"mcm","clk":"7733078882","pt":1539841359270,"mc":[{"id":"1.149732581","rc":[{"ltp":1.62,"id":8736474}]}]}
{"op":"mcm","clk":"7733149877","pt":1539842739920,"mc":[{"id":"1.149732581","rc":[{"ltp":1.61,"id":8736474}]}]}
{"op":"mcm","clk":"7733160736","pt":1539843028261,"mc":[{"id":"1.149732581","rc":[{"ltp":1.62,"id":8736474}]}]}
{"op":"mcm","clk":"7733228410","pt":1539844184756,"mc":[{"id":"1.149732581","rc":[{"ltp":1.63,"id":8736474}]}]}
{"op":"mcm","clk":"7733254687","pt":1539844829734,"mc":[{"id":"1.149732581","rc":[{"ltp":1.62,"id":8736474}]}]}
{"op":"mcm","clk":"7733306329","pt":1539845730829,"mc":[{"id":"1.149732581","rc":[{"ltp":1.63,"id":8736474}]}]}
{"op":"mcm","clk":"7733332969","pt":1539846072313,"mc":[{"id":"1.149732581","rc":[{"ltp":1.62,"id":8736474}]}]}
{"op":"mcm","clk":"7733351079","pt":1539846389398,"mc":[{"id":"1.149732581","rc":[{"ltp":1.64,"id":8736474},{"ltp":2.56,"id":7336089}]}]}
{"op":"mcm","clk":"7733383872","pt":1539846823830,"mc":[{"id":"1.149732581","rc":[{"ltp":1.63,"id":8736474}]}]}
{"op":"mcm","clk":"7733385641","pt":1539846858336,"mc":[{"id":"1.149732581","rc":[{"ltp":2.6,"id":7336089}]}]}
{"op":"mcm","clk":"7733408518","pt":1539847232105,"mc":[{"id":"1.149732581","rc":[{"ltp":1.62,"id":8736474}]}]}
{"op":"mcm","clk":"7733515455","pt":1539848892269,"mc":[{"id":"1.149732581","rc":[{"ltp":1.61,"id":8736474}]}]}
{"op":"mcm","clk":"7733527254","pt":1539849163252,"mc":[{"id":"1.149732581","rc":[{"ltp":2.64,"id":7336089}]}]}
{"op":"mcm","clk":"7733535468","pt":1539849330776,"mc":[{"id":"1.149732581","rc":[{"ltp":1.62,"id":8736474}]}]}
{"op":"mcm","clk":"7733565330","pt":1539849706489,"mc":[{"id":"1.149732581","rc":[{"ltp":1.61,"id":8736474}]}]}
{"op":"mcm","clk":"7733566322","pt":1539849728508,"mc":[{"id":"1.149732581","rc":[{"ltp":1.6,"id":8736474}]}]}
{"op":"mcm","clk":"7733574694","pt":1539849889000,"mc":[{"id":"1.149732581","rc":[{"ltp":1.54,"id":8736474},{"ltp":2.86,"id":7336089}]}]}
{"op":"mcm","clk":"7733594112","pt":1539850248366,"mc":[{"id":"1.149732581","rc":[{"ltp":1.61,"id":8736474},{"ltp":2.64,"id":7336089}]}]}
{"op":"mcm","clk":"7733677292","pt":1539851434018,"mc":[{"id":"1.149732581","rc":[{"ltp":1.6,"id":8736474}]}]}
{"op":"mcm","clk":"7733684969","pt":1539851560740,"mc":[{"id":"1.149732581","rc":[{"ltp":1.61,"id":8736474}]}]}
{"op":"mcm","clk":"7733697949","pt":1539851768981,"mc":[{"id":"1.149732581","rc":[{"ltp":1.6,"id":8736474}]}]}
{"op":"mcm","clk":"7733711363","pt":1539852011021,"mc":[{"id":"1.149732581","rc":[{"ltp":2.62,"id":7336089}]}]}
{"op":"mcm","clk":"7733734908","pt":1539852282170,"mc":[{"id":"1.149732581","rc":[{"ltp":1.61,"id":8736474}]}]}
{"op":"mcm","clk":"7733803578","pt":1539853317525,"mc":[{"id":"1.149732581","rc":[{"ltp":1.62,"id":8736474}]}]}
{"op":"mcm","clk":"7733844843","pt":1539853928766,"mc":[{"id":"1.149732581","rc":[{"ltp":1.61,"id":8736474}]}]}
{"op":"mcm","clk":"7733876251","pt":1539854493010,"mc":[{"id":"1.149732581","rc":[{"ltp":2.6,"id":7336089}]}]}
{"op":"mcm","clk":"7733929457","pt":1539855238039,"mc":[{"id":"1.149732581","rc":[{"ltp":1.62,"id":8736474}]}]}
{"op":"mcm","clk":"7733997940","pt":1539856245710,"mc":[{"id":"1.149732581","rc":[{"ltp":1.61,"id":8736474}]}]}
{"op":"mcm","clk":"7734004564","pt":1539856370622,"mc":[{"id":"1.149732581","rc":[{"ltp":1.6,"id":8736474}]}]}
{"op":"mcm","clk":"7734009668","pt":1539856461186,"mc":[{"id":"1.149732581","rc":[{"ltp":1.62,"id":8736474}]}]}
{"op":"mcm","clk":"7734080225","pt":1539857317132,"mc":[{"id":"1.149732581","rc":[{"ltp":1.61,"id":8736474}]}]}
{"op":"mcm","clk":"7734084862","pt":1539857380914,"mc":[{"id":"1.149732581","rc":[{"ltp":2.62,"id":7336089}]}]}
{"op":"mcm","clk":"7734140685","pt":1539858021828,"mc":[{"id":"1.149732581","rc":[{"ltp":1.62,"id":8736474}]}]}
{"op":"mcm","clk":"7734150977","pt":1539858161373,"mc":[{"id":"1.149732581","rc":[{"ltp":1.61,"id":8736474}]}]}
{"op":"mcm","clk":"7734184220","pt":1539858432961,"mc":[{"id":"1.149732581","rc":[{"ltp":1.62,"id":8736474}]}]}
{"op":"mcm","clk":"7734195022","pt":1539858578541,"mc":[{"id":"1.149732581","rc":[{"ltp":1.61,"id":8736474}]}]}
{"op":"mcm","clk":"7734203253","pt":1539858685815,"mc":[{"id":"1.149732581","rc":[{"ltp":1.62,"id":8736474}]}]}
{"op":"mcm","clk":"7734221596","pt":1539858938341,"mc":[{"id":"1.149732581","rc":[{"ltp":1.61,"id":8736474}]}]}
{"op":"mcm","clk":"7734226130","pt":1539859006881,"mc":[{"id":"1.149732581","rc":[{"ltp":2.64,"id":7336089}]}]}
{"op":"mcm","clk":"7734233115","pt":1539859107700,"mc":[{"id":"1.149732581","rc":[{"ltp":2.66,"id":7336089}]}]}
{"op":"mcm","clk":"7734247311","pt":1539859308593,"mc":[{"id":"1.149732581","rc":[{"ltp":2.6,"id":7336089}]}]}
{"op":"mcm","clk":"7734321414","pt":1539860198235,"mc":[{"id":"1.149732581","rc":[{"ltp":2.64,"id":7336089}]}]}
{"op":"mcm","clk":"7734362860","pt":1539860610838,"mc":[{"id":"1.149732581","rc":[{"ltp":2.62,"id":7336089}]}]}
{"op":"mcm","clk":"7734370241","pt":1539860717819,"mc":[{"id":"1.149732581","rc":[{"ltp":2.64,"id":7336089}]}]}
{"op":"mcm","clk":"7734381313","pt":1539860862345,"mc":[{"id":"1.149732581","rc":[{"ltp":1.6,"id":8736474}]}]}
{"op":"mcm","clk":"7734386411","pt":1539860929669,"mc":[{"id":"1.149732581","rc":[{"ltp":1.61,"id":8736474},{"ltp":2.66,"id":7336089}]}]}
{"op":"mcm","clk":"7734418619","pt":1539861163910,"mc":[{"id":"1.149732581","rc":[{"ltp":1.6,"id":8736474}]}]}
{"op":"mcm","clk":"7734449522","pt":1539861587972,"mc":[{"id":"1.149732581","rc":[{"ltp":1.61,"id":8736474},{"ltp":2.62,"id":7336089}]}]}
{"op":"mcm","clk":"7734460741","pt":1539861768450,"mc":[{"id":"1.149732581","rc":[{"ltp":1.6,"id":8736474}]}]}
{"op":"mcm","clk":"7734471679","pt":1539861935484,"mc":[{"id":"1.149732581","rc":[{"ltp":1.61,"id":8736474}]}]}
{"op":"mcm","clk":"7734476334","pt":1539862008412,"mc":[{"id":"1.149732581","rc":[{"ltp":1.62,"id":8736474}]}]}
{"op":"mcm","clk":"7734501334","pt":1539862206031,"mc":[{"id":"1.149732581","rc":[{"ltp":1.61,"id":8736474},{"ltp":2.64,"id":7336089}]}]}
{"op":"mcm","clk":"7734600145","pt":1539863441866,"mc":[{"id":"1.149732581","rc":[{"ltp":1.59,"id":8736474},{"ltp":2.68,"id":7336089}]}]}
{"op":"mcm","clk":"7734606989","pt":1539863560906,"mc":[{"id":"1.149732581","rc":[{"ltp":1.61,"id":8736474}]}]}
{"op":"mcm","clk":"7734618453","pt":1539863746242,"mc":[{"id":"1.149732581","rc":[{"ltp":1.6,"id":8736474},{"ltp":2.64,"id":7336089}]}]}
{"op":"mcm","clk":"7734622577","pt":1539863808929,"mc":[{"id":"1.149732581","rc":[{"ltp":1.61,"id":8736474}]}]}
{"op":"mcm","clk":"7734641724","pt":1539863922411,"mc":[{"id":"1.149732581","marketDefinition":{"bspMarket":false,"turnInPlayEnabled":true,"persistenceEnabled":true,"marketBaseRate":5.0,"eventId":"28961615","eventTypeId":"2","numberOfWinners":1,"bettingType":"ODDS","marketType":"MATCH_ODDS","marketTime":"2018-10-18T11:54:00.000Z","suspendTime":"2018-10-18T11:54:00.000Z","bspReconciled":false,"complete":true,"inPlay":false,"crossMatching":true,"runnersVoidable":false,"numberOfActiveRunners":2,"betDelay":0,"status":"OPEN","runners":[{"status":"ACTIVE","sortPriority":1,"id":7336089,"name":"Cameron Norrie"},{"status":"ACTIVE","sortPriority":2,"id":8736474,"name":"Diego Schwartzman"}],"regulators":["MR_INT"],"countryCode":"BE","discountAllowed":true,"timezone":"UTC","openDate":"2018-10-18T11:54:00.000Z","version":2460485454,"name":"Match Odds","eventName":"Norrie v Schwartzman"},"rc":[{"ltp":1.6,"id":8736474}]}]}
{"op":"mcm","clk":"7734645835","pt":1539863988118,"mc":[{"id":"1.149732581","rc":[{"ltp":2.62,"id":7336089}]}]}
{"op":"mcm","clk":"7734649622","pt":1539864047433,"mc":[{"id":"1.149732581","rc":[{"ltp":1.61,"id":8736474},{"ltp":2.64,"id":7336089}]}]}
{"op":"mcm","clk":"7734672957","pt":1539864468561,"mc":[{"id":"1.149732581","rc":[{"ltp":2.68,"id":7336089}]}]}
{"op":"mcm","clk":"7734676641","pt":1539864527570,"mc":[{"id":"1.149732581","rc":[{"ltp":2.62,"id":7336089}]}]}
{"op":"mcm","clk":"7734680186","pt":1539864587592,"mc":[{"id":"1.149732581","rc":[{"ltp":2.64,"id":7336089}]}]}
{"op":"mcm","clk":"7734683848","pt":1539864648710,"mc":[{"id":"1.149732581","rc":[{"ltp":1.6,"id":8736474}]}]}
{"op":"mcm","clk":"7734688094","pt":1539864708948,"mc":[{"id":"1.149732581","marketDefinition":{"bspMarket":false,"turnInPlayEnabled":true,"persistenceEnabled":true,"marketBaseRate":5.0,"eventId":"28961615","eventTypeId":"2","numberOfWinners":1,"bettingType":"ODDS","marketType":"MATCH_ODDS","marketTime":"2018-10-18T11:54:00.000Z","suspendTime":"2018-10-18T11:54:00.000Z","bspReconciled":false,"complete":true,"inPlay":true,"crossMatching":true,"runnersVoidable":false,"numberOfActiveRunners":2,"betDelay":5,"status":"OPEN","runners":[{"status":"ACTIVE","sortPriority":1,"id":7336089,"name":"Cameron Norrie"},{"status":"ACTIVE","sortPriority":2,"id":8736474,"name":"Diego Schwartzman"}],"regulators":["MR_INT"],"countryCode":"BE","discountAllowed":true,"timezone":"UTC","openDate":"2018-10-18T11:54:00.000Z","version":2460496577,"name":"Match Odds","eventName":"Norrie v Schwartzman"},"rc":[{"ltp":1.59,"id":8736474},{"ltp":2.66,"id":7336089}]}]}
{"op":"mcm","clk":"7734704240","pt":1539864769305,"mc":[{"id":"1.149732581","rc":[{"ltp":1.74,"id":8736474},{"ltp":2.36,"id":7336089}]}]}
{"op":"mcm","clk":"7734708481","pt":1539864829668,"mc":[{"id":"1.149732581","rc":[{"ltp":1.81,"id":8736474},{"ltp":2.24,"id":7336089}]}]}
{"op":"mcm","clk":"7734712207","pt":1539864888340,"mc":[{"id":"1.149732581","rc":[{"ltp":1.71,"id":8736474},{"ltp":2.4,"id":7336089}]}]}
{"op":"mcm","clk":"7734716406","pt":1539864949239,"mc":[{"id":"1.149732581","rc":[{"ltp":1.6,"id":8736474},{"ltp":2.64,"id":7336089}]}]}
{"op":"mcm","clk":"7734720552","pt":1539865008971,"mc":[{"id":"1.149732581","rc":[{"ltp":1.5,"id":8736474},{"ltp":3.0,"id":7336089}]}]}
{"op":"mcm","clk":"7734724174","pt":1539865068896,"mc":[{"id":"1.149732581","rc":[{"ltp":1.41,"id":8736474}]}]}
{"op":"mcm","clk":"7734727760","pt":1539865129600,"mc":[{"id":"1.149732581","rc":[{"ltp":1.57,"id":8736474},{"ltp":2.72,"id":7336089}]}]}
{"op":"mcm","clk":"7734731193","pt":1539865188905,"mc":[{"id":"1.149732581","rc":[{"ltp":1.72,"id":8736474},{"ltp":2.4,"id":7336089}]}]}
{"op":"mcm","clk":"7734734903","pt":1539865249568,"mc":[{"id":"1.149732581","rc":[{"ltp":1.78,"id":8736474},{"ltp":2.28,"id":7336089}]}]}
{"op":"mcm","clk":"7734738445","pt":1539865308088,"mc":[{"id":"1.149732581","rc":[{"ltp":1.69,"id":8736474},{"ltp":2.48,"id":7336089}]}]}
{"op":"mcm","clk":"7734742048","pt":1539865369026,"mc":[{"id":"1.149732581","rc":[{"ltp":1.9,"id":8736474},{"ltp":2.1,"id":7336089}]}]}
{"op":"mcm","clk":"7734745923","pt":1539865427449,"mc":[{"id":"1.149732581","rc":[{"ltp":1.98,"id":8736474},{"ltp":2.0,"id":7336089}]}]}
{"op":"mcm","clk":"7734749642","pt":1539865489506,"mc":[{"id":"1.149732581","rc":[{"ltp":1.75,"id":8736474},{"ltp":2.32,"id":7336089}]}]}
{"op":"mcm","clk":"7734753308","pt":1539865549504,"mc":[{"id":"1.149732581","rc":[{"ltp":1.76,"id":8736474},{"ltp":2.26,"id":7336089}]}]}
{"op":"mcm","clk":"7734756922","pt":1539865609590,"mc":[{"id":"1.149732581","rc":[{"ltp":1.88,"id":8736474},{"ltp":2.12,"id":7336089}]}]}
{"op":"mcm","clk":"7734772899","pt":1539865669216,"mc":[{"id":"1.149732581","rc":[{"ltp":1.73,"id":8736474},{"ltp":2.36,"id":7336089}]}]}
{"op":"mcm","clk":"7734776762","pt":1539865729501,"mc":[{"id":"1.149732581","rc":[{"ltp":1.5,"id":8736474},{"ltp":2.92,"id":7336089}]}]}
{"op":"mcm","clk":"7734780499","pt":1539865789658,"mc":[{"id":"1.149732581","rc":[{"ltp":1.65,"id":8736474},{"ltp":2.78,"id":7336089}]}]}
{"op":"mcm","clk":"7734784746","pt":1539865849684,"mc":[{"id":"1.149732581","rc":[{"ltp":2.56,"id":7336089}]}]}
{"op":"mcm","clk":"7734788582","pt":1539865909370,"mc":[{"id":"1.149732581","rc":[{"ltp":1.5,"id":8736474},{"ltp":2.88,"id":7336089}]}]}
{"op":"mcm","clk":"7734792092","pt":1539865969639,"mc":[{"id":"1.149732581","rc":[{"ltp":1.39,"id":8736474}]}]}
{"op":"mcm","clk":"7734795542","pt":1539866029288,"mc":[{"id":"1.149732581","rc":[{"ltp":1.4,"id":8736474},{"ltp":3.5,"id":7336089}]}]}
{"op":"mcm","clk":"7734798835","pt":1539866089618,"mc":[{"id":"1.149732581","rc":[{"ltp":1.54,"id":8736474},{"ltp":2.8,"id":7336089}]}]}
{"op":"mcm","clk":"7734802588","pt":1539866149536,"mc":[{"id":"1.149732581","rc":[{"ltp":1.47,"id":8736474},{"ltp":3.1,"id":7336089}]}]}
{"op":"mcm","clk":"7734806316","pt":1539866208159,"mc":[{"id":"1.149732581","rc":[{"ltp":1.36,"id":8736474},{"ltp":3.75,"id":7336089}]}]}
{"op":"mcm","clk":"7734810026","pt":1539866269651,"mc":[{"id":"1.149732581","rc":[{"ltp":1.35,"id":8736474},{"ltp":3.85,"id":7336089}]}]}
{"op":"mcm","clk":"7734813875","pt":1539866329516,"mc":[{"id":"1.149732581","rc":[{"ltp":1.37,"id":8736474},{"ltp":3.7,"id":7336089}]}]}
{"op":"mcm","clk":"7734817754","pt":1539866389420,"mc":[{"id":"1.149732581","rc":[{"ltp":1.38,"id":8736474},{"ltp":3.65,"id":7336089}]}]}
{"op":"mcm","clk":"7734821623","pt":1539866448994,"mc":[{"id":"1.149732581","rc":[{"ltp":1.4,"id":8736474},{"ltp":3.5,"id":7336089}]}]}
{"op":"mcm","clk":"7734826046","pt":1539866509164,"mc":[{"id":"1.149732581","rc":[{"ltp":1.41,"id":8736474},{"ltp":3.75,"id":7336089}]}]}
{"op":"mcm","clk":"7734842505","pt":1539866569597,"mc":[{"id":"1.149732581","rc":[{"ltp":1.3,"id":8736474},{"ltp":3.9,"id":7336089}]}]}
{"op":"mcm","clk":"7734846908","pt":1539866629535,"mc":[{"id":"1.149732581","rc":[{"ltp":1.32,"id":8736474},{"ltp":4.4,"id":7336089}]}]}
{"op":"mcm","clk":"7734851267","pt":1539866689021,"mc":[{"id":"1.149732581","rc":[{"ltp":1.3,"id":8736474}]}]}
{"op":"mcm","clk":"7734855136","pt":1539866747299,"mc":[{"id":"1.149732581","rc":[{"ltp":5.0,"id":7336089}]}]}
{"op":"mcm","clk":"7734859713","pt":1539866809513,"mc":[{"id":"1.149732581","rc":[{"ltp":1.32,"id":8736474},{"ltp":4.0,"id":7336089}]}]}
{"op":"mcm","clk":"7734864207","pt":1539866868091,"mc":[{"id":"1.149732581","rc":[{"ltp":1.33,"id":8736474}]}]}
{"op":"mcm","clk":"7734868788","pt":1539866929410,"mc":[{"id":"1.149732581","rc":[{"ltp":1.3,"id":8736474},{"ltp":4.1,"id":7336089}]}]}
{"op":"mcm","clk":"7734873583","pt":1539866989127,"mc":[{"id":"1.149732581","rc":[{"ltp":1.43,"id":8736474},{"ltp":3.65,"id":7336089}]}]}
{"op":"mcm","clk":"7734878113","pt":1539867049592,"mc":[{"id":"1.149732581","rc":[{"ltp":1.7,"id":8736474},{"ltp":2.24,"id":7336089}]}]}
{"op":"mcm","clk":"7734882786","pt":1539867109614,"mc":[{"id":"1.149732581","rc":[{"ltp":2.04,"id":8736474},{"ltp":1.96,"id":7336089}]}]}
{"op":"mcm","clk":"7734887473","pt":1539867169615,"mc":[{"id":"1.149732581","rc":[{"ltp":2.14,"id":8736474},{"ltp":1.83,"id":7336089}]}]}
{"op":"mcm","clk":"7734892023","pt":1539867228557,"mc":[{"id":"1.149732581","rc":[{"ltp":2.16,"id":8736474},{"ltp":1.85,"id":7336089}]}]}
{"op":"mcm","clk":"7734896387","pt":1539867289641,"mc":[{"id":"1.149732581","rc":[{"ltp":2.0,"id":8736474},{"ltp":1.92,"id":7336089}]}]}
{"op":"mcm","clk":"7734900737","pt":1539867349575,"mc":[{"id":"1.149732581","rc":[{"ltp":1.86,"id":8736474},{"ltp":2.16,"id":7336089}]}]}
{"op":"mcm","clk":"7734905197","pt":1539867409405,"mc":[{"id":"1.149732581","rc":[{"ltp":1.63,"id":8736474},{"ltp":2.58,"id":7336089}]}]}
{"op":"mcm","clk":"7734922043","pt":1539867469634,"mc":[{"id":"1.149732581","rc":[{"ltp":1.47,"id":8736474},{"ltp":3.15,"id":7336089}]}]}
{"op":"mcm","clk":"7734926649","pt":1539867529603,"mc":[{"id":"1.149732581","rc":[{"ltp":1.35,"id":8736474},{"ltp":4.1,"id":7336089}]}]}
{"op":"mcm","clk":"7734931377","pt":1539867589045,"mc":[{"id":"1.149732581","rc":[{"ltp":1.31,"id":8736474},{"ltp":4.2,"id":7336089}]}]}
{"op":"mcm","clk":"7734935746","pt":1539867648868,"mc":[{"id":"1.149732581","rc":[{"ltp":1.3,"id":8736474},{"ltp":4.9,"id":7336089}]}]}
{"op":"mcm","clk":"7734940872","pt":1539867709611,"mc":[{"id":"1.149732581","rc":[{"ltp":1.26,"id":8736474},{"ltp":5.0,"id":7336089}]}]}
{"op":"mcm","clk":"7734945914","pt":1539867769095,"mc":[{"id":"1.149732581","rc":[{"ltp":4.8,"id":7336089}]}]}
{"op":"mcm","clk":"7734951230","pt":1539867829309,"mc":[{"id":"1.149732581","rc":[{"ltp":5.0,"id":7336089}]}]}
{"op":"mcm","clk":"7734956726","pt":1539867889047,"mc":[{"id":"1.149732581","rc":[{"ltp":1.3,"id":8736474},{"ltp":4.3,"id":7336089}]}]}
{"op":"mcm","clk":"7734962726","pt":1539867948951,"mc":[{"id":"1.149732581","rc":[{"ltp":1.31,"id":8736474},{"ltp":4.2,"id":7336089}]}]}
{"op":"mcm","clk":"7734969109","pt":1539868008579,"mc":[{"id":"1.149732581","rc":[{"ltp":1.34,"id":8736474},{"ltp":3.9,"id":7336089}]}]}
{"op":"mcm","clk":"7734975747","pt":1539868069410,"mc":[{"id":"1.149732581","rc":[{"ltp":1.23,"id":8736474},{"ltp":4.8,"id":7336089}]}]}
{"op":"mcm","clk":"7734981383","pt":1539868129516,"mc":[{"id":"1.149732581","rc":[{"ltp":1.21,"id":8736474},{"ltp":5.7,"id":7336089}]}]}
{"op":"mcm","clk":"7734986516","pt":1539868189296,"mc":[{"id":"1.149732581","rc":[{"ltp":1.2,"id":8736474},{"ltp":5.8,"id":7336089}]}]}
{"op":"mcm","clk":"7734991819","pt":1539868249578,"mc":[{"id":"1.149732581","rc":[{"ltp":5.3,"id":7336089}]}]}
{"op":"mcm","clk":"7734997118","pt":1539868309521,"mc":[{"id":"1.149732581","rc":[{"ltp":6.0,"id":7336089}]}]}
{"op":"mcm","clk":"7735014717","pt":1539868369623,"mc":[{"id":"1.149732581","rc":[{"ltp":1.25,"id":8736474},{"ltp":5.0,"id":7336089}]}]}
{"op":"mcm","clk":"7735020063","pt":1539868429533,"mc":[{"id":"1.149732581","rc":[{"ltp":1.31,"id":8736474},{"ltp":4.1,"id":7336089}]}]}
{"op":"mcm","clk":"7735024987","pt":1539868488182,"mc":[{"id":"1.149732581","rc":[{"ltp":1.33,"id":8736474}]}]}
{"op":"mcm","clk":"7735029766","pt":1539868549527,"mc":[{"id":"1.149732581","rc":[{"ltp":1.25,"id":8736474},{"ltp":5.0,"id":7336089}]}]}
{"op":"mcm","clk":"7735034621","pt":1539868609184,"mc":[{"id":"1.149732581","rc":[{"ltp":1.29,"id":8736474},{"ltp":4.6,"id":7336089}]}]}
{"op":"mcm","clk":"7735039909","pt":1539868669644,"mc":[{"id":"1.149732581","rc":[{"ltp":1.22,"id":8736474},{"ltp":5.5,"id":7336089}]}]}
{"op":"mcm","clk":"7735051352","pt":1539868787874,"mc":[{"id":"1.149732581","rc":[{"ltp":1.27,"id":8736474},{"ltp":5.2,"id":7336089}]}]}
{"op":"mcm","clk":"7735057474","pt":1539868849530,"mc":[{"id":"1.149732581","rc":[{"ltp":1.14,"id":8736474},{"ltp":6.0,"id":7336089}]}]}
{"op":"mcm","clk":"7735063831","pt":1539868909630,"mc":[{"id":"1.149732581","rc":[{"ltp":1.15,"id":8736474}]}]}
{"op":"mcm","clk":"7735069860","pt":1539868969536,"mc":[{"id":"1.149732581","rc":[{"ltp":1.26,"id":8736474},{"ltp":4.7,"id":7336089}]}]}
{"op":"mcm","clk":"7735075339","pt":1539869029433,"mc":[{"id":"1.149732581","rc":[{"ltp":1.27,"id":8736474}]}]}
{"op":"mcm","clk":"7735080635","pt":1539869089648,"mc":[{"id":"1.149732581","rc":[{"ltp":1.34,"id":8736474},{"ltp":3.85,"id":7336089}]}]}
{"op":"mcm","clk":"7735086013","pt":1539869149119,"mc":[{"id":"1.149732581","rc":[{"ltp":1.4,"id":8736474},{"ltp":3.5,"id":7336089}]}]}
{"op":"mcm","clk":"7735091204","pt":1539869209424,"mc":[{"id":"1.149732581","rc":[{"ltp":1.54,"id":8736474},{"ltp":2.84,"id":7336089}]}]}
{"op":"mcm","clk":"7735108634","pt":1539869269282,"mc":[{"id":"1.149732581","rc":[{"ltp":1.53,"id":8736474}]}]}
{"op":"mcm","clk":"7735113269","pt":1539869329069,"mc":[{"id":"1.149732581","rc":[{"ltp":1.52,"id":8736474},{"ltp":2.88,"id":7336089}]}]}
{"op":"mcm","clk":"7735118159","pt":1539869389674,"mc":[{"id":"1.149732581","rc":[{"ltp":1.33,"id":8736474},{"ltp":4.0,"id":7336089}]}]}
{"op":"mcm","clk":"7735122871","pt":1539869448787,"mc":[{"id":"1.149732581","rc":[{"ltp":1.27,"id":8736474},{"ltp":3.45,"id":7336089}]}]}
{"op":"mcm","clk":"7735127685","pt":1539869509464,"mc":[{"id":"1.149732581","rc":[{"ltp":1.25,"id":8736474},{"ltp":4.8,"id":7336089}]}]}
{"op":"mcm","clk":"7735132397","pt":1539869569260,"mc":[{"id":"1.149732581","rc":[{"ltp":1.24,"id":8736474},{"ltp":5.8,"id":7336089}]}]}
{"op":"mcm","clk":"7735136513","pt":1539869629299,"mc":[{"id":"1.149732581","rc":[{"ltp":1.19,"id":8736474},{"ltp":6.4,"id":7336089}]}]}
{"op":"mcm","clk":"7735140555","pt":1539869689339,"mc":[{"id":"1.149732581","rc":[{"ltp":6.0,"id":7336089}]}]}
{"op":"mcm","clk":"7735145312","pt":1539869747845,"mc":[{"id":"1.149732581","rc":[{"ltp":1.23,"id":8736474},{"ltp":5.3,"id":7336089}]}]}
{"op":"mcm","clk":"7735150790","pt":1539869809505,"mc":[{"id":"1.149732581","rc":[{"ltp":1.27,"id":8736474},{"ltp":4.7,"id":7336089}]}]}
{"op":"mcm","clk":"7735156506","pt":1539869869576,"mc":[{"id":"1.149732581","rc":[{"ltp":1.26,"id":8736474},{"ltp":4.9,"id":7336089}]}]}
{"op":"mcm","clk":"7735162367","pt":1539869929622,"mc":[{"id":"1.149732581","rc":[{"ltp":1.18,"id":8736474},{"ltp":6.6,"id":7336089}]}]}
{"op":"mcm","clk":"7735175419","pt":1539870049676,"mc":[{"id":"1.149732581","rc":[{"ltp":1.22,"id":8736474},{"ltp":5.4,"id":7336089}]}]}
{"op":"mcm","clk":"7735181924","pt":1539870108696,"mc":[{"id":"1.149732581","rc":[{"ltp":1.27,"id":8736474},{"ltp":4.5,"id":7336089}]}]}
{"op":"mcm","clk":"7735200816","pt":1539870169654,"mc":[{"id":"1.149732581","rc":[{"ltp":5.5,"id":7336089}]}]}
{"op":"mcm","clk":"7735206608","pt":1539870229405,"mc":[{"id":"1.149732581","rc":[{"ltp":1.28,"id":8736474},{"ltp":4.7,"id":7336089}]}]}
{"op":"mcm","clk":"7735211791","pt":1539870288092,"mc":[{"id":"1.149732581","rc":[{"ltp":1.25,"id":8736474},{"ltp":5.2,"id":7336089}]}]}
{"op":"mcm","clk":"7735217431","pt":1539870349469,"mc":[{"id":"1.149732581","rc":[{"ltp":1.19,"id":8736474},{"ltp":6.6,"id":7336089}]}]}
{"op":"mcm","clk":"7735223080","pt":1539870409412,"mc":[{"id":"1.149732581","rc":[{"ltp":6.4,"id":7336089}]}]}
{"op":"mcm","clk":"7735228975","pt":1539870469666,"mc":[{"id":"1.149732581","rc":[{"ltp":1.18,"id":8736474},{"ltp":6.6,"id":7336089}]}]}
{"op":"mcm","clk":"7735234304","pt":1539870529620,"mc":[{"id":"1.149732581","rc":[{"ltp":1.17,"id":8736474},{"ltp":7.4,"id":7336089}]}]}
{"op":"mcm","clk":"7735239553","pt":1539870589157,"mc":[{"id":"1.149732581","rc":[{"ltp":1.23,"id":8736474},{"ltp":7.2,"id":7336089}]}]}
{"op":"mcm","clk":"7735245059","pt":1539870649553,"mc":[{"id":"1.149732581","rc":[{"ltp":1.21,"id":8736474},{"ltp":5.5,"id":7336089}]}]}
{"op":"mcm","clk":"7735250631","pt":1539870709201,"mc":[{"id":"1.149732581","rc":[{"ltp":1.27,"id":8736474},{"ltp":4.5,"id":7336089}]}]}
{"op":"mcm","clk":"7735256374","pt":1539870769396,"mc":[{"id":"1.149732581","rc":[{"ltp":1.33,"id":8736474},{"ltp":4.2,"id":7336089}]}]}
{"op":"mcm","clk":"7735261834","pt":1539870829415,"mc":[{"id":"1.149732581","rc":[{"ltp":1.55,"id":8736474},{"ltp":2.82,"id":7336089}]}]}
{"op":"mcm","clk":"7735267233","pt":1539870889625,"mc":[{"id":"1.149732581","rc":[{"ltp":1.69,"id":8736474},{"ltp":2.44,"id":7336089}]}]}
{"op":"mcm","clk":"7735272711","pt":1539870949659,"mc":[{"id":"1.149732581","rc":[{"ltp":1.8,"id":8736474},{"ltp":2.24,"id":7336089}]}]}
{"op":"mcm","clk":"7735278409","pt":1539871009344,"mc":[{"id":"1.149732581","rc":[{"ltp":1.88,"id":8736474},{"ltp":2.14,"id":7336089}]}]}
{"op":"mcm","clk":"7735296570","pt":1539871068714,"mc":[{"id":"1.149732581","rc":[{"ltp":1.87,"id":8736474}]}]}
{"op":"mcm","clk":"7735302496","pt":1539871129492,"mc":[{"id":"1.149732581","rc":[{"ltp":2.0,"id":8736474},{"ltp":2.06,"id":7336089}]}]}
{"op":"mcm","clk":"7735308286","pt":1539871189448,"mc":[{"id":"1.149732581","rc":[{"ltp":2.26,"id":8736474},{"ltp":1.8,"id":7336089}]}]}
{"op":"mcm","clk":"7735315083","pt":1539871249647,"mc":[{"id":"1.149732581","rc":[{"ltp":2.5,"id":8736474},{"ltp":1.65,"id":7336089}]}]}
{"op":"mcm","clk":"7735322340","pt":1539871309371,"mc":[{"id":"1.149732581","rc":[{"ltp":2.3,"id":8736474}]}]}
{"op":"mcm","clk":"7735329048","pt":1539871369557,"mc":[{"id":"1.149732581","rc":[{"ltp":2.14,"id":8736474},{"ltp":1.89,"id":7336089}]}]}
{"op":"mcm","clk":"7735335042","pt":1539871429403,"mc":[{"id":"1.149732581","rc":[{"ltp":2.48,"id":8736474},{"ltp":1.66,"id":7336089}]}]}
{"op":"mcm","clk":"7735340868","pt":1539871489523,"mc":[{"id":"1.149732581","rc":[{"ltp":2.04,"id":8736474},{"ltp":1.97,"id":7336089}]}]}
{"op":"mcm","clk":"7735347002","pt":1539871549622,"mc":[{"id":"1.149732581","rc":[{"ltp":1.71,"id":8736474},{"ltp":2.44,"id":7336089}]}]}
{"op":"mcm","clk":"7735353133","pt":1539871609618,"mc":[{"id":"1.149732581","rc":[{"ltp":2.1,"id":8736474},{"ltp":1.9,"id":7336089}]}]}
{"op":"mcm","clk":"7735359734","pt":1539871669611,"mc":[{"id":"1.149732581","rc":[{"ltp":2.3,"id":8736474},{"ltp":1.76,"id":7336089}]}]}
{"op":"mcm","clk":"7735366441","pt":1539871729449,"mc":[{"id":"1.149732581","rc":[{"ltp":2.36,"id":8736474},{"ltp":1.73,"id":7336089}]}]}
{"op":"mcm","clk":"7735372817","pt":1539871789228,"mc":[{"id":"1.149732581","rc":[{"ltp":2.08,"id":8736474},{"ltp":1.91,"id":7336089}]}]}
{"op":"mcm","clk":"7735378986","pt":1539871849589,"mc":[{"id":"1.149732581","rc":[{"ltp":1.97,"id":8736474},{"ltp":2.0,"id":7336089}]}]}
{"op":"mcm","clk":"7735384721","pt":1539871909546,"mc":[{"id":"1.149732581","rc":[{"ltp":1.9,"id":8736474},{"ltp":2.08,"id":7336089}]}]}
{"op":"mcm","clk":"7735402112","pt":1539871969564,"mc":[{"id":"1.149732581","rc":[{"ltp":1.45,"id":8736474},{"ltp":3.2,"id":7336089}]}]}
{"op":"mcm","clk":"7735407644","pt":1539872029522,"mc":[{"id":"1.149732581","rc":[{"ltp":1.29,"id":8736474},{"ltp":4.6,"id":7336089}]}]}
{"op":"mcm","clk":"7735414273","pt":1539872089237,"mc":[{"id":"1.149732581","rc":[{"ltp":1.3,"id":8736474},{"ltp":4.4,"id":7336089}]}]}
{"op":"mcm","clk":"7735421169","pt":1539872149476,"mc":[{"id":"1.149732581","rc":[{"ltp":1.29,"id":8736474}]}]}
{"op":"mcm","clk":"7735427574","pt":1539872209682,"mc":[{"id":"1.149732581","rc":[{"ltp":1.27,"id":8736474},{"ltp":5.1,"id":7336089}]}]}
{"op":"mcm","clk":"7735434521","pt":1539872269671,"mc":[{"id":"1.149732581","rc":[{"ltp":1.16,"id":8736474},{"ltp":7.6,"id":7336089}]}]}
{"op":"mcm","clk":"7735441674","pt":1539872329650,"mc":[{"id":"1.149732581","rc":[{"ltp":1.18,"id":8736474},{"ltp":6.8,"id":7336089}]}]}
{"op":"mcm","clk":"7735448902","pt":1539872389585,"mc":[{"id":"1.149732581","rc":[{"ltp":1.19,"id":8736474},{"ltp":5.9,"id":7336089}]}]}
{"op":"mcm","clk":"7735455731","pt":1539872449536,"mc":[{"id":"1.149732581","rc":[{"ltp":1.22,"id":8736474},{"ltp":5.5,"id":7336089}]}]}
{"op":"mcm","clk":"7735461992","pt":1539872509637,"mc":[{"id":"1.149732581","rc":[{"ltp":1.29,"id":8736474},{"ltp":4.4,"id":7336089}]}]}
{"op":"mcm","clk":"7735468415","pt":1539872569678,"mc":[{"id":"1.149732581","rc":[{"ltp":1.22,"id":8736474},{"ltp":5.3,"id":7336089}]}]}
{"op":"mcm","clk":"7735474853","pt":1539872629632,"mc":[{"id":"1.149732581","rc":[{"ltp":1.25,"id":8736474},{"ltp":5.1,"id":7336089}]}]}
{"op":"mcm","clk":"7735482110","pt":1539872689642,"mc":[{"id":"1.149732581","rc":[{"ltp":1.47,"id":8736474},{"ltp":3.2,"id":7336089}]}]}
{"op":"mcm","clk":"7735489607","pt":1539872749625,"mc":[{"id":"1.149732581","rc":[{"ltp":1.91,"id":8736474},{"ltp":2.08,"id":7336089}]}]}
{"op":"mcm","clk":"7735497564","pt":1539872809597,"mc":[{"id":"1.149732581","rc":[{"ltp":1.7,"id":8736474},{"ltp":2.42,"id":7336089}]}]}
{"op":"mcm","clk":"7735517702","pt":1539872869071,"mc":[{"id":"1.149732581","rc":[{"ltp":1.26,"id":8736474},{"ltp":4.8,"id":7336089}]}]}
{"op":"mcm","clk":"7735526019","pt":1539872929601,"mc":[{"id":"1.149732581","rc":[{"ltp":1.48,"id":8736474},{"ltp":3.05,"id":7336089}]}]}
{"op":"mcm","clk":"7735534115","pt":1539872989598,"mc":[{"id":"1.149732581","rc":[{"ltp":1.49,"id":8736474}]}]}
{"op":"mcm","clk":"7735542083","pt":1539873049647,"mc":[{"id":"1.149732581","rc":[{"ltp":1.99,"id":8736474},{"ltp":2.42,"id":7336089}]}]}
{"op":"mcm","clk":"7735549952","pt":1539873109657,"mc":[{"id":"1.149732581","rc":[{"ltp":2.62,"id":8736474},{"ltp":1.61,"id":7336089}]}]}
{"op":"mcm","clk":"7735557096","pt":1539873169154,"mc":[{"id":"1.149732581","rc":[{"ltp":2.74,"id":8736474},{"ltp":1.59,"id":7336089}]}]}
{"op":"mcm","clk":"7735564233","pt":1539873229593,"mc":[{"id":"1.149732581","rc":[{"ltp":2.78,"id":8736474},{"ltp":1.56,"id":7336089}]}]}
{"op":"mcm","clk":"7735571717","pt":1539873289624,"mc":[{"id":"1.149732581","rc":[{"ltp":2.06,"id":8736474},{"ltp":1.93,"id":7336089}]}]}
{"op":"mcm","clk":"7735579279","pt":1539873349609,"mc":[{"id":"1.149732581","rc":[{"ltp":1.94,"id":8736474},{"ltp":2.06,"id":7336089}]}]}
{"op":"mcm","clk":"7735586374","pt":1539873409672,"mc":[{"id":"1.149732581","rc":[{"ltp":1.89,"id":8736474},{"ltp":2.1,"id":7336089}]}]}
{"op":"mcm","clk":"7735594005","pt":1539873468935,"mc":[{"id":"1.149732581","rc":[{"ltp":1.34,"id":8736474},{"ltp":3.95,"id":7336089}]}]}
{"op":"mcm","clk":"7735602279","pt":1539873529677,"mc":[{"id":"1.149732581","rc":[{"ltp":1.16,"id":8736474},{"ltp":7.4,"id":7336089}]}]}
{"op":"mcm","clk":"7735617078","pt":1539873649481,"mc":[{"id":"1.149732581","rc":[{"ltp":1.17,"id":8736474},{"ltp":6.8,"id":7336089}]}]}
{"op":"mcm","clk":"7735623862","pt":1539873709681,"mc":[{"id":"1.149732581","rc":[{"ltp":6.2,"id":7336089}]}]}
{"op":"mcm","clk":"7735642425","pt":1539873769657,"mc":[{"id":"1.149732581","marketDefinition":{"bspMarket":false,"turnInPlayEnabled":true,"persistenceEnabled":true,"marketBaseRate":5.0,"eventId":"28961615","eventTypeId":"2","numberOfWinners":1,"bettingType":"ODDS","marketType":"MATCH_ODDS","marketTime":"2018-10-18T11:54:00.000Z","suspendTime":"2018-10-18T11:54:00.000Z","bspReconciled":false,"complete":true,"inPlay":true,"crossMatching":true,"runnersVoidable":false,"numberOfActiveRunners":2,"betDelay":5,"status":"SUSPENDED","runners":[{"status":"ACTIVE","sortPriority":1,"id":7336089,"name":"Cameron Norrie"},{"status":"ACTIVE","sortPriority":2,"id":8736474,"name":"Diego Schwartzman"}],"regulators":["MR_INT"],"countryCode":"BE","discountAllowed":true,"timezone":"UTC","openDate":"2018-10-18T11:54:00.000Z","version":2460615919,"name":"Match Odds","eventName":"Norrie v Schwartzman"},"rc":[{"ltp":1.07,"id":8736474},{"ltp":15.0,"id":7336089}]}]}
{"op":"mcm","clk":"7735647657","pt":1539873823921,"mc":[{"id":"1.149732581","marketDefinition":{"bspMarket":false,"turnInPlayEnabled":true,"persistenceEnabled":true,"marketBaseRate":5.0,"eventId":"28961615","eventTypeId":"2","numberOfWinners":1,"bettingType":"ODDS","marketType":"MATCH_ODDS","marketTime":"2018-10-18T11:54:00.000Z","suspendTime":"2018-10-18T11:54:00.000Z","bspReconciled":false,"complete":true,"inPlay":true,"crossMatching":true,"runnersVoidable":false,"numberOfActiveRunners":2,"betDelay":5,"status":"SUSPENDED","runners":[{"status":"ACTIVE","sortPriority":1,"id":7336089,"name":"Cameron Norrie"},{"status":"ACTIVE","sortPriority":2,"id":8736474,"name":"Diego Schwartzman"}],"regulators":["MR_INT"],"countryCode":"BE","discountAllowed":true,"timezone":"UTC","openDate":"2018-10-18T11:54:00.000Z","version":2460616858,"name":"Match Odds","eventName":"Norrie v Schwartzman"}}]}
{"op":"mcm","clk":"7735662061","pt":1539873956371,"mc":[{"id":"1.149732581","marketDefinition":{"bspMarket":false,"turnInPlayEnabled":true,"persistenceEnabled":true,"marketBaseRate":5.0,"eventId":"28961615","eventTypeId":"2","numberOfWinners":1,"bettingType":"ODDS","marketType":"MATCH_ODDS","marketTime":"2018-10-18T11:54:00.000Z","suspendTime":"2018-10-18T11:54:00.000Z","bspReconciled":false,"complete":true,"inPlay":true,"crossMatching":false,"runnersVoidable":false,"numberOfActiveRunners":0,"betDelay":5,"status":"CLOSED","settledTime":"2018-10-18T14:45:26.000Z","runners":[{"status":"LOSER","sortPriority":1,"id":7336089,"name":"Cameron Norrie"},{"status":"WINNER","sortPriority":2,"id":8736474,"name":"Diego Schwartzman"}],"regulators":["MR_INT"],"countryCode":"BE","discountAllowed":true,"timezone":"UTC","openDate":"2018-10-18T11:54:00.000Z","version":2460619092,"name":"Match Odds","eventName":"Norrie v Schwartzman"}}]}
