{"op":"mcm","clk":"7682775100","pt":1539076574019,"mc":[{"id":"1.149310120","marketDefinition":{"bspMarket":false,"turnInPlayEnabled":true,"persistenceEnabled":true,"marketBaseRate":5.0,"eventId":"28947531","eventTypeId":"2","numberOfWinners":1,"bettingType":"ODDS","marketType":"MATCH_ODDS","marketTime":"2018-10-10T12:00:00.000Z","suspendTime":"2018-10-10T12:00:00.000Z","bspReconciled":false,"complete":true,"inPlay":false,"crossMatching":true,"runnersVoidable":false,"numberOfActiveRunners":2,"betDelay":0,"status":"OPEN","runners":[{"status":"ACTIVE","sortPriority":1,"id":2251402,"name":"Roger Federer"},{"status":"ACTIVE","sortPriority":2,"id":19924831,"name":"Daniil Medvedev"}],"regulators":["MR_INT"],"countryCode":"CN","discountAllowed":true,"timezone":"UTC","openDate":"2018-10-10T12:00:00.000Z","version":2447174552,"name":"Match Odds","eventName":"Federer v Medvedev"}}]}
{"op":"mcm","clk":"7682886400","pt":1539078653121,"mc":[{"id":"1.149310120","rc":[{"ltp":2.02,"id":19924831}]}]}
{"op":"mcm","clk":"7683043030","pt":1539081118599,"mc":[{"id":"1.149310120","rc":[{"ltp":1.25,"id":2251402}]}]}
{"op":"mcm","clk":"7683069445","pt":1539081435111,"mc":[{"id":"1.149310120","rc":[{"ltp":1.3,"id":2251402}]}]}
{"op":"mcm","clk":"7683126750","pt":1539082272732,"mc":[{"id":"1.149310120","rc":[{"ltp":1.32,"id":2251402}]}]}
{"op":"mcm","clk":"7683347223","pt":1539085815569,"mc":[{"id":"1.149310120","rc":[{"ltp":4.1,"id":19924831}]}]}
{"op":"mcm","clk":"7683354096","pt":1539085989076,"mc":[{"id":"1.149310120","rc":[{"ltp":1.31,"id":2251402}]}]}
{"op":"mcm","clk":"7683398664","pt":1539086741858,"mc":[{"id":"1.149310120","rc":[{"ltp":1.3,"id":2251402}]}]}
{"op":"mcm","clk":"7683421283","pt":1539087162657,"mc":[{"id":"1.149310120","rc":[{"ltp":1.31,"id":2251402}]}]}
{"op":"mcm","clk":"7683423227","pt":1539087202532,"mc":[{"id":"1.149310120","rc":[{"ltp":4.3,"id":19924831}]}]}
{"op":"mcm","clk":"7683445867","pt":1539087434109,"mc":[{"id":"1.149310120","rc":[{"ltp":4.4,"id":19924831}]}]}
{"op":"mcm","clk":"7683604106","pt":1539089814353,"mc":[{"id":"1.149310120","rc":[{"ltp":1.29,"id":2251402}]}]}
{"op":"mcm","clk":"7683880630","pt":1539092774941,"mc":[{"id":"1.149310120","rc":[{"ltp":1.3,"id":2251402}]}]}
{"op":"mcm","clk":"7684010164","pt":1539094094089,"mc":[{"id":"1.149310120","rc":[{"ltp":1.29,"id":2251402}]}]}
{"op":"mcm","clk":"7684476876","pt":1539099916101,"mc":[{"id":"1.149310120","rc":[{"ltp":1.28,"id":2251402}]}]}
{"op":"mcm","clk":"7684603093","pt":1539101677805,"mc":[{"id":"1.149310120","rc":[{"ltp":4.3,"id":19924831},{"ltp":1.3,"id":2251402}]}]}
{"op":"mcm","clk":"7684612036","pt":1539101801820,"mc":[{"id":"1.149310120","rc":[{"ltp":1.28,"id":2251402}]}]}
{"op":"mcm","clk":"7684912811","pt":1539105720664,"mc":[{"id":"1.149310120","rc":[{"ltp":4.4,"id":19924831}]}]}
{"op":"mcm","clk":"7684990843","pt":1539106630477,"mc":[{"id":"1.149310120","rc":[{"ltp":1.29,"id":2251402}]}]}
{"op":"mcm","clk":"7685081689","pt":1539107678053,"mc":[{"id":"1.149310120","rc":[{"ltp":4.5,"id":19924831}]}]}
{"op":"mcm","clk":"7685606575","pt":1539111972708,"mc":[{"id":"1.149310120","rc":[{"ltp":4.4,"id":19924831},{"ltp":1.3,"id":2251402}]}]}
{"op":"mcm","clk":"7685650704","pt":1539112230199,"mc":[{"id":"1.149310120","rc":[{"ltp":4.3,"id":19924831}]}]}
{"op":"mcm","clk":"7685836948","pt":1539113417100,"mc":[{"id":"1.149310120","rc":[{"ltp":1.29,"id":2251402}]}]}
{"op":"mcm","clk":"7685850843","pt":1539113521602,"mc":[{"id":"1.149310120","rc":[{"ltp":1.3,"id":2251402}]}]}
{"op":"mcm","clk":"7685933635","pt":1539114094833,"mc":[{"id":"1.149310120","rc":[{"ltp":1.29,"id":2251402}]}]}
{"op":"mcm","clk":"7686000989","pt":1539114586198,"mc":[{"id":"1.149310120","rc":[{"ltp":4.4,"id":19924831}]}]}
{"op":"mcm","clk":"7686097891","pt":1539115349843,"mc":[{"id":"1.149310120","rc":[{"ltp":1.3,"id":2251402}]}]}
{"op":"mcm","clk":"7686164270","pt":1539115873463,"mc":[{"id":"1.149310120","rc":[{"ltp":1.29,"id":2251402}]}]}
{"op":"mcm","clk":"7686292609","pt":1539116901338,"mc":[{"id":"1.149310120","rc":[{"ltp":1.3,"id":2251402}]}]}
{"op":"mcm","clk":"7686345930","pt":1539117357591,"mc":[{"id":"1.149310120","rc":[{"ltp":1.29,"id":2251402}]}]}
{"op":"mcm","clk":"7686419640","pt":1539118421577,"mc":[{"id":"1.149310120","rc":[{"ltp":1.3,"id":2251402}]}]}
{"op":"mcm","clk":"7686437854","pt":1539118894977,"mc":[{"id":"1.149310120","rc":[{"ltp":1.29,"id":2251402}]}]}
{"op":"mcm","clk":"7686481009","pt":1539119654312,"mc":[{"id":"1.149310120","rc":[{"ltp":4.3,"id":19924831}]}]}
{"op":"mcm","clk":"7686502478","pt":1539119931303,"mc":[{"id":"1.149310120","rc":[{"ltp":1.3,"id":2251402}]}]}
{"op":"mcm","clk":"7686530086","pt":1539120570726,"mc":[{"id":"1.149310120","rc":[{"ltp":1.29,"id":2251402}]}]}
{"op":"mcm","clk":"7686550997","pt":1539120932201,"mc":[{"id":"1.149310120","rc":[{"ltp":1.3,"id":2251402}]}]}
{"op":"mcm","clk":"7686599308","pt":1539122096790,"mc":[{"id":"1.149310120","rc":[{"ltp":4.4,"id":19924831}]}]}
{"op":"mcm","clk":"7686602656","pt":1539122190424,"mc":[{"id":"1.149310120","rc":[{"ltp":1.29,"id":2251402}]}]}
{"op":"mcm","clk":"7686687383","pt":1539124195644,"mc":[{"id":"1.149310120","rc":[{"ltp":4.3,"id":19924831}]}]}
{"op":"mcm","clk":"7686727892","pt":1539125142686,"mc":[{"id":"1.149310120","rc":[{"ltp":1.3,"id":2251402}]}]}
{"op":"mcm","clk":"7686889244","pt":1539128573899,"mc":[{"id":"1.149310120","rc":[{"ltp":4.2,"id":19924831}]}]}
{"op":"mcm","clk":"7687003488","pt":1539130461800,"mc":[{"id":"1.149310120","rc":[{"ltp":1.31,"id":2251402}]}]}
{"op":"mcm","clk":"7687056092","pt":1539131349697,"mc":[{"id":"1.149310120","rc":[{"ltp":1.3,"id":2251402}]}]}
{"op":"mcm","clk":"7687138525","pt":1539132843212,"mc":[{"id":"1.149310120","rc":[{"ltp":4.4,"id":19924831}]}]}
{"op":"mcm","clk":"7687143256","pt":1539132980259,"mc":[{"id":"1.149310120","rc":[{"ltp":4.3,"id":19924831}]}]}
{"op":"mcm","clk":"7687147324","pt":1539133089046,"mc":[{"id":"1.149310120","rc":[{"ltp":1.31,"id":2251402}]}]}
{"op":"mcm","clk":"7687180405","pt":1539133724999,"mc":[{"id":"1.149310120","rc":[{"ltp":1.3,"id":2251402}]}]}
{"op":"mcm","clk":"7687192242","pt":1539133995833,"mc":[{"id":"1.149310120","rc":[{"ltp":1.31,"id":2251402}]}]}
{"op":"mcm","clk":"7687228443","pt":1539134776496,"mc":[{"id":"1.149310120","rc":[{"ltp":4.4,"id":19924831}]}]}
{"op":"mcm","clk":"7687239938","pt":1539135059195,"mc":[{"id":"1.149310120","rc":[{"ltp":4.3,"id":19924831}]}]}
{"op":"mcm","clk":"7687292928","pt":1539136086121,"mc":[{"id":"1.149310120","rc":[{"ltp":1.3,"id":2251402}]}]}
{"op":"mcm","clk":"7687382061","pt":1539138640157,"mc":[{"id":"1.149310120","rc":[{"ltp":1.31,"id":2251402}]}]}
{"op":"mcm","clk":"7687459677","pt":1539141017046,"mc":[{"id":"1.149310120","rc":[{"ltp":4.2,"id":19924831}]}]}
{"op":"mcm","clk":"7687518667","pt":1539142646013,"mc":[{"id":"1.149310120","rc":[{"ltp":1.3,"id":2251402}]}]}
{"op":"mcm","clk":"7687546369","pt":1539143294624,"mc":[{"id":"1.149310120","rc":[{"ltp":1.31,"id":2251402}]}]}
{"op":"mcm","clk":"7687547578","pt":1539143325073,"mc":[{"id":"1.149310120","rc":[{"ltp":1.32,"id":2251402}]}]}
{"op":"mcm","clk":"7687688544","pt":1539147376923,"mc":[{"id":"1.149310120","rc":[{"ltp":4.1,"id":19924831}]}]}
{"op":"mcm","clk":"7687743706","pt":1539149295740,"mc":[{"id":"1.149310120","rc":[{"ltp":4.3,"id":19924831}]}]}
{"op":"mcm","clk":"7687756469","pt":1539149594213,"mc":[{"id":"1.149310120","rc":[{"ltp":1.31,"id":2251402}]}]}
{"op":"mcm","clk":"7687793320","pt":1539151154705,"mc":[{"id":"1.149310120","rc":[{"ltp":4.4,"id":19924831}]}]}
{"op":"mcm","clk":"7687809027","pt":1539151453625,"mc":[{"id":"1.149310120","rc":[{"ltp":4.3,"id":19924831}]}]}
{"op":"mcm","clk":"7687816679","pt":1539151752393,"mc":[{"id":"1.149310120","rc":[{"ltp":1.32,"id":2251402}]}]}
{"op":"mcm","clk":"7687841534","pt":1539152236730,"mc":[{"id":"1.149310120","rc":[{"ltp":1.3,"id":2251402}]}]}
{"op":"mcm","clk":"7687843949","pt":1539152296624,"mc":[{"id":"1.149310120","rc":[{"ltp":1.32,"id":2251402}]}]}
{"op":"mcm","clk":"7687853722","pt":1539152596734,"mc":[{"id":"1.149310120","rc":[{"ltp":4.2,"id":19924831}]}]}
{"op":"mcm","clk":"7687867587","pt":1539153014367,"mc":[{"id":"1.149310120","rc":[{"ltp":1.31,"id":2251402}]}]}
{"op":"mcm","clk":"7687977455","pt":1539154997200,"mc":[{"id":"1.149310120","rc":[{"ltp":4.4,"id":19924831}]}]}
{"op":"mcm","clk":"7687985438","pt":1539155176900,"mc":[{"id":"1.149310120","rc":[{"ltp":1.3,"id":2251402}]}]}
{"op":"mcm","clk":"7688041953","pt":1539156256838,"mc":[{"id":"1.149310120","rc":[{"ltp":4.5,"id":19924831}]}]}
{"op":"mcm","clk":"7688079895","pt":1539156792579,"mc":[{"id":"1.149310120","rc":[{"ltp":1.29,"id":2251402}]}]}
{"op":"mcm","clk":"7688131664","pt":1539157754614,"mc":[{"id":"1.149310120","rc":[{"ltp":4.6,"id":19924831}]}]}
{"op":"mcm","clk":"7688139639","pt":1539157935904,"mc":[{"id":"1.149310120","rc":[{"ltp":1.28,"id":2251402}]}]}
{"op":"mcm","clk":"7688152564","pt":1539158176671,"mc":[{"id":"1.149310120","rc":[{"ltp":1.29,"id":2251402}]}]}
{"op":"mcm","clk":"7688202329","pt":1539158956768,"mc":[{"id":"1.149310120","rc":[{"ltp":4.5,"id":19924831}]}]}
{"op":"mcm","clk":"7688283986","pt":1539160275164,"mc":[{"id":"1.149310120","rc":[{"ltp":1.28,"id":2251402}]}]}
{"op":"mcm","clk":"7688295833","pt":1539160334520,"mc":[{"id":"1.149310120","rc":[{"ltp":1.29,"id":2251402}]}]}
{"op":"mcm","clk":"7688373354","pt":1539161654276,"mc":[{"id":"1.149310120","rc":[{"ltp":4.6,"id":19924831}]}]}
{"op":"mcm","clk":"7688392610","pt":1539162014196,"mc":[{"id":"1.149310120","rc":[{"ltp":1.28,"id":2251402}]}]}
{"op":"mcm","clk":"7688415934","pt":1539162255036,"mc":[{"id":"1.149310120","rc":[{"ltp":4.7,"id":19924831}]}]}
{"op":"mcm","clk":"7688468110","pt":1539163096411,"mc":[{"id":"1.149310120","rc":[{"ltp":4.8,"id":19924831}]}]}
{"op":"mcm","clk":"7688481715","pt":1539163335208,"mc":[{"id":"1.149310120","rc":[{"ltp":4.7,"id":19924831}]}]}
{"op":"mcm","clk":"7688544844","pt":1539164296908,"mc":[{"id":"1.149310120","rc":[{"ltp":4.8,"id":19924831}]}]}
{"op":"mcm","clk":"7688547283","pt":1539164353890,"mc":[{"id":"1.149310120","rc":[{"ltp":1.27,"id":2251402}]}]}
{"op":"mcm","clk":"7688550157","pt":1539164412958,"mc":[{"id":"1.149310120","rc":[{"ltp":1.28,"id":2251402}]}]}
{"op":"mcm","clk":"7688557618","pt":1539164537079,"mc":[{"id":"1.149310120","rc":[{"ltp":1.27,"id":2251402}]}]}
{"op":"mcm","clk":"7688561125","pt":1539164597043,"mc":[{"id":"1.149310120","rc":[{"ltp":1.28,"id":2251402}]}]}
{"op":"mcm","clk":"7688568632","pt":1539164716624,"mc":[{"id":"1.149310120","rc":[{"ltp":4.9,"id":19924831},{"ltp":1.27,"id":2251402}]}]}
{"op":"mcm","clk":"7688571685","pt":1539164777290,"mc":[{"id":"1.149310120","rc":[{"ltp":5.0,"id":19924831},{"ltp":1.25,"id":2251402}]}]}
{"op":"mcm","clk":"7688582133","pt":1539164837216,"mc":[{"id":"1.149310120","rc":[{"ltp":1.26,"id":2251402}]}]}
{"op":"mcm","clk":"7688584914","pt":1539164897215,"mc":[{"id":"1.149310120","rc":[{"ltp":1.25,"id":2251402}]}]}
{"op":"mcm","clk":"7688587726","pt":1539164957297,"mc":[{"id":"1.149310120","rc":[{"ltp":5.1,"id":19924831},{"ltp":1.24,"id":2251402}]}]}
{"op":"mcm","clk":"7688590700","pt":1539165015836,"mc":[{"id":"1.149310120","rc":[{"ltp":1.25,"id":2251402}]}]}
{"op":"mcm","clk":"7688606747","pt":1539165316741,"mc":[{"id":"1.149310120","marketDefinition":{"bspMarket":false,"turnInPlayEnabled":true,"persistenceEnabled":true,"marketBaseRate":5.0,"eventId":"28947531","eventTypeId":"2","numberOfWinners":1,"bettingType":"ODDS","marketType":"MATCH_ODDS","marketTime":"2018-10-10T11:53:00.000Z","suspendTime":"2018-10-10T11:53:00.000Z","bspReconciled":false,"complete":true,"inPlay":false,"crossMatching":true,"runnersVoidable":false,"numberOfActiveRunners":2,"betDelay":0,"status":"OPEN","runners":[{"status":"ACTIVE","sortPriority":1,"id":2251402,"name":"Roger Federer"},{"status":"ACTIVE","sortPriority":2,"id":19924831,"name":"Daniil Medvedev"}],"regulators":["MR_INT"],"countryCode":"CN","discountAllowed":true,"timezone":"UTC","openDate":"2018-10-10T11:53:00.000Z","version":2448303258,"name":"Match Odds","eventName":"Federer v Medvedev"}}]}
{"op":"mcm","clk":"7688660012","pt":1539166028782,"mc":[{"id":"1.149310120","rc":[{"ltp":5.0,"id":19924831}]}]}
{"op":"mcm","clk":"7688664407","pt":1539166097148,"mc":[{"id":"1.149310120","rc":[{"ltp":1.24,"id":2251402}]}]}
{"op":"mcm","clk":"7688668420","pt":1539166157004,"mc":[{"id":"1.149310120","rc":[{"ltp":5.2,"id":19924831},{"ltp":1.25,"id":2251402}]}]}
{"op":"mcm","clk":"7688674387","pt":1539166275523,"mc":[{"id":"1.149310120","rc":[{"ltp":5.3,"id":19924831}]}]}
{"op":"mcm","clk":"7688680934","pt":1539166397125,"mc":[{"id":"1.149310120","rc":[{"ltp":1.24,"id":2251402}]}]}
{"op":"mcm","clk":"7688688781","pt":1539166515255,"mc":[{"id":"1.149310120","rc":[{"ltp":5.1,"id":19924831}]}]}
{"op":"mcm","clk":"7688692664","pt":1539166577242,"mc":[{"id":"1.149310120","rc":[{"ltp":5.3,"id":19924831}]}]}
{"op":"mcm","clk":"7688707423","pt":1539166692064,"mc":[{"id":"1.149310120","rc":[{"ltp":1.23,"id":2251402}]}]}
{"op":"mcm","clk":"7688711494","pt":1539166753803,"mc":[{"id":"1.149310120","rc":[{"ltp":1.24,"id":2251402}]}]}
{"op":"mcm","clk":"7688744818","pt":1539167291770,"mc":[{"id":"1.149310120","rc":[{"ltp":1.23,"id":2251402}]}]}
{"op":"mcm","clk":"7688749578","pt":1539167353908,"mc":[{"id":"1.149310120","rc":[{"ltp":1.24,"id":2251402}]}]}
{"op":"mcm","clk":"7688784761","pt":1539167656725,"mc":[{"id":"1.149310120","rc":[{"ltp":5.2,"id":19924831}]}]}
{"op":"mcm","clk":"7688789594","pt":1539167715057,"mc":[{"id":"1.149310120","rc":[{"ltp":5.3,"id":19924831}]}]}
{"op":"mcm","clk":"7688798468","pt":1539167826606,"mc":[{"id":"1.149310120","rc":[{"ltp":1.23,"id":2251402}]}]}
{"op":"mcm","clk":"7688803301","pt":1539167893014,"mc":[{"id":"1.149310120","rc":[{"ltp":5.2,"id":19924831},{"ltp":1.24,"id":2251402}]}]}
{"op":"mcm","clk":"7688835127","pt":1539168316747,"mc":[{"id":"1.149310120","rc":[{"ltp":1.25,"id":2251402}]}]}
{"op":"mcm","clk":"7688851374","pt":1539168434909,"mc":[{"id":"1.149310120","rc":[{"ltp":1.24,"id":2251402}]}]}
{"op":"mcm","clk":"7688864347","pt":1539168615418,"mc":[{"id":"1.149310120","rc":[{"ltp":1.23,"id":2251402}]}]}
{"op":"mcm","clk":"7688877844","pt":1539168784901,"mc":[{"id":"1.149310120","rc":[{"ltp":1.24,"id":2251402}]}]}
{"op":"mcm","clk":"7688893532","pt":1539168970984,"mc":[{"id":"1.149310120","rc":[{"ltp":5.3,"id":19924831}]}]}
{"op":"mcm","clk":"7688904009","pt":1539169097225,"mc":[{"id":"1.149310120","rc":[{"ltp":5.2,"id":19924831}]}]}
{"op":"mcm","clk":"7688907950","pt":1539169142777,"mc":[{"id":"1.149310120","rc":[{"ltp":5.3,"id":19924831}]}]}
{"op":"mcm","clk":"7688914956","pt":1539169214109,"mc":[{"id":"1.149310120","rc":[{"ltp":1.23,"id":2251402}]}]}
{"op":"mcm","clk":"7688924968","pt":1539169323216,"mc":[{"id":"1.149310120","rc":[{"ltp":1.24,"id":2251402}]}]}
{"op":"mcm","clk":"7688949482","pt":1539169508034,"mc":[{"id":"1.149310120","rc":[{"ltp":5.2,"id":19924831}]}]}
{"op":"mcm","clk":"7688965320","pt":1539169691796,"mc":[{"id":"1.149310120","rc":[{"ltp":1.23,"id":2251402}]}]}
{"op":"mcm","clk":"7688970849","pt":1539169755699,"mc":[{"id":"1.149310120","rc":[{"ltp":5.3,"id":19924831},{"ltp":1.24,"id":2251402}]}]}
{"op":"mcm","clk":"7688979502","pt":1539169850900,"mc":[{"id":"1.149310120","rc":[{"ltp":5.2,"id":19924831}]}]}
{"op":"mcm","clk":"7689007671","pt":1539170168793,"mc":[{"id":"1.149310120","rc":[{"ltp":1.23,"id":2251402}]}]}
{"op":"mcm","clk":"7689011448","pt":1539170220771,"mc":[{"id":"1.149310120","rc":[{"ltp":1.24,"id":2251402}]}]}
{"op":"mcm","clk":"7689024944","pt":1539170291740,"mc":[{"id":"1.149310120","rc":[{"ltp":1.25,"id":2251402}]}]}
{"op":"mcm","clk":"7689043612","pt":1539170527215,"mc":[{"id":"1.149310120","rc":[{"ltp":1.24,"id":2251402}]}]}
{"op":"mcm","clk":"7689070202","pt":1539170830376,"mc":[{"id":"1.149310120","rc":[{"ltp":5.1,"id":19924831}]}]}
{"op":"mcm","clk":"7689075672","pt":1539170897251,"mc":[{"id":"1.149310120","rc":[{"ltp":5.2,"id":19924831}]}]}
{"op":"mcm","clk":"7689080710","pt":1539170955034,"mc":[{"id":"1.149310120","rc":[{"ltp":1.25,"id":2251402}]}]}
{"op":"mcm","clk":"7689093095","pt":1539171077248,"mc":[{"id":"1.149310120","rc":[{"ltp":5.1,"id":19924831},{"ltp":1.24,"id":2251402}]}]}
{"op":"mcm","clk":"7689106619","pt":1539171135747,"mc":[{"id":"1.149310120","rc":[{"ltp":1.25,"id":2251402}]}]}
{"op":"mcm","clk":"7689112011","pt":1539171195725,"mc":[{"id":"1.149310120","rc":[{"ltp":1.24,"id":2251402}]}]}
{"op":"mcm","clk":"7689116958","pt":1539171256709,"mc":[{"id":"1.149310120","rc":[{"ltp":5.0,"id":19924831},{"ltp":1.25,"id":2251402}]}]}
{"op":"mcm","clk":"7689141428","pt":1539171534044,"mc":[{"id":"1.149310120","rc":[{"ltp":5.1,"id":19924831}]}]}
{"op":"mcm","clk":"7689148692","pt":1539171615548,"mc":[{"id":"1.149310120","rc":[{"ltp":1.24,"id":2251402}]}]}
{"op":"mcm","clk":"7689154470","pt":1539171677174,"mc":[{"id":"1.149310120","rc":[{"ltp":5.0,"id":19924831},{"ltp":1.25,"id":2251402}]}]}
{"op":"mcm","clk":"7689163618","pt":1539171791685,"mc":[{"id":"1.149310120","rc":[{"ltp":1.24,"id":2251402}]}]}
{"op":"mcm","clk":"7689168336","pt":1539171851163,"mc":[{"id":"1.149310120","rc":[{"ltp":1.25,"id":2251402}]}]}
{"op":"mcm","clk":"7689178496","pt":1539171971869,"mc":[{"id":"1.149310120","rc":[{"ltp":1.24,"id":2251402}]}]}
{"op":"mcm","clk":"7689201665","pt":1539172155075,"mc":[{"id":"1.149310120","rc":[{"ltp":1.25,"id":2251402}]}]}
{"op":"mcm","clk":"7689207252","pt":1539172217165,"mc":[{"id":"1.149310120","rc":[{"ltp":4.9,"id":19924831}]}]}
{"op":"mcm","clk":"7689221924","pt":1539172396477,"mc":[{"id":"1.149310120","rc":[{"ltp":5.0,"id":19924831}]}]}
{"op":"mcm","clk":"7689226798","pt":1539172454389,"mc":[{"id":"1.149310120","rc":[{"ltp":5.1,"id":19924831},{"ltp":1.24,"id":2251402}]}]}
{"op":"mcm","clk":"7689236770","pt":1539172576526,"mc":[{"id":"1.149310120","rc":[{"ltp":5.0,"id":19924831},{"ltp":1.25,"id":2251402}]}]}
{"op":"mcm","clk":"7689246514","pt":1539172696270,"mc":[{"id":"1.149310120","rc":[{"ltp":4.9,"id":19924831}]}]}
{"op":"mcm","clk":"7689251701","pt":1539172757224,"mc":[{"id":"1.149310120","rc":[{"ltp":5.0,"id":19924831},{"ltp":1.24,"id":2251402}]}]}
{"op":"mcm","clk":"7689257403","pt":1539172816985,"mc":[{"id":"1.149310120","rc":[{"ltp":5.3,"id":19924831},{"ltp":1.23,"id":2251402}]}]}
{"op":"mcm","clk":"7689263566","pt":1539172876757,"mc":[{"id":"1.149310120","rc":[{"ltp":1.24,"id":2251402}]}]}
{"op":"mcm","clk":"7689277715","pt":1539172936590,"mc":[{"id":"1.149310120","rc":[{"ltp":1.23,"id":2251402}]}]}
{"op":"mcm","clk":"7689284333","pt":1539172996891,"mc":[{"id":"1.149310120","rc":[{"ltp":5.4,"id":19924831},{"ltp":1.22,"id":2251402}]}]}
{"op":"mcm","clk":"7689290607","pt":1539173054043,"mc":[{"id":"1.149310120","rc":[{"ltp":1.23,"id":2251402}]}]}
{"op":"mcm","clk":"7689297175","pt":1539173114414,"mc":[{"id":"1.149310120","rc":[{"ltp":5.5,"id":19924831}]}]}
{"op":"mcm","clk":"7689303841","pt":1539173174359,"mc":[{"id":"1.149310120","rc":[{"ltp":1.22,"id":2251402}]}]}
{"op":"mcm","clk":"7689311133","pt":1539173236913,"mc":[{"id":"1.149310120","rc":[{"ltp":5.6,"id":19924831}]}]}
{"op":"mcm","clk":"7689318209","pt":1539173297278,"mc":[{"id":"1.149310120","rc":[{"ltp":5.5,"id":19924831}]}]}
{"op":"mcm","clk":"7689330325","pt":1539173417142,"mc":[{"id":"1.149310120","rc":[{"ltp":5.2,"id":19924831},{"ltp":1.25,"id":2251402}]}]}
{"op":"mcm","clk":"7689336415","pt":1539173477132,"mc":[{"id":"1.149310120","rc":[{"ltp":1.24,"id":2251402}]}]}
{"op":"mcm","clk":"7689342594","pt":1539173537021,"mc":[{"id":"1.149310120","rc":[{"ltp":1.25,"id":2251402}]}]}
{"op":"mcm","clk":"7689349176","pt":1539173596810,"mc":[{"id":"1.149310120","rc":[{"ltp":5.1,"id":19924831}]}]}
{"op":"mcm","clk":"7689355634","pt":1539173656456,"mc":[{"id":"1.149310120","rc":[{"ltp":5.0,"id":19924831}]}]}
{"op":"mcm","clk":"7689362529","pt":1539173717082,"mc":[{"id":"1.149310120","marketDefinition":{"bspMarket":false,"turnInPlayEnabled":true,"persistenceEnabled":true,"marketBaseRate":5.0,"eventId":"28947531","eventTypeId":"2","numberOfWinners":1,"bettingType":"ODDS","marketType":"MATCH_ODDS","marketTime":"2018-10-10T11:53:00.000Z","suspendTime":"2018-10-10T11:53:00.000Z","bspReconciled":false,"complete":true,"inPlay":true,"crossMatching":true,"runnersVoidable":false,"numberOfActiveRunners":2,"betDelay":5,"status":"OPEN","runners":[{"status":"ACTIVE","sortPriority":1,"id":2251402,"name":"Roger Federer"},{"status":"ACTIVE","sortPriority":2,"id":19924831,"name":"Daniil Medvedev"}],"regulators":["MR_INT"],"countryCode":"CN","discountAllowed":true,"timezone":"UTC","openDate":"2018-10-10T11:53:00.000Z","version":2448429114,"name":"Match Odds","eventName":"Federer v Medvedev"},"rc":[{"ltp":5.2,"id":19924831},{"ltp":1.22,"id":2251402}]}]}
{"op":"mcm","clk":"7689369560","pt":1539173776812,"mc":[{"id":"1.149310120","rc":[{"ltp":7.6,"id":19924831},{"ltp":1.15,"id":2251402}]}]}
{"op":"mcm","clk":"7689384197","pt":1539173836878,"mc":[{"id":"1.149310120","rc":[{"ltp":9.2,"id":19924831},{"ltp":1.12,"id":2251402}]}]}
{"op":"mcm","clk":"7689391680","pt":1539173897215,"mc":[{"id":"1.149310120","rc":[{"ltp":8.6,"id":19924831},{"ltp":1.14,"id":2251402}]}]}
{"op":"mcm","clk":"7689399284","pt":1539173956380,"mc":[{"id":"1.149310120","rc":[{"ltp":10.0,"id":19924831},{"ltp":1.11,"id":2251402}]}]}
{"op":"mcm","clk":"7689406859","pt":1539174017225,"mc":[{"id":"1.149310120","rc":[{"ltp":9.8,"id":19924831},{"ltp":1.12,"id":2251402}]}]}
{"op":"mcm","clk":"7689413383","pt":1539174077265,"mc":[{"id":"1.149310120","rc":[{"ltp":11.0,"id":19924831},{"ltp":1.1,"id":2251402}]}]}
{"op":"mcm","clk":"7689419440","pt":1539174136855,"mc":[{"id":"1.149310120","rc":[{"ltp":9.8,"id":19924831},{"ltp":1.11,"id":2251402}]}]}
{"op":"mcm","clk":"7689424821","pt":1539174194366,"mc":[{"id":"1.149310120","rc":[{"ltp":9.4,"id":19924831},{"ltp":1.13,"id":2251402}]}]}
{"op":"mcm","clk":"7689430539","pt":1539174257292,"mc":[{"id":"1.149310120","rc":[{"ltp":8.2,"id":19924831},{"ltp":1.15,"id":2251402}]}]}
{"op":"mcm","clk":"7689435516","pt":1539174317180,"mc":[{"id":"1.149310120","rc":[{"ltp":10.0,"id":19924831},{"ltp":1.11,"id":2251402}]}]}
{"op":"mcm","clk":"7689440331","pt":1539174376237,"mc":[{"id":"1.149310120","rc":[{"ltp":8.8,"id":19924831},{"ltp":1.13,"id":2251402}]}]}
{"op":"mcm","clk":"7689445514","pt":1539174437017,"mc":[{"id":"1.149310120","rc":[{"ltp":6.0,"id":19924831},{"ltp":1.18,"id":2251402}]}]}
{"op":"mcm","clk":"7689450963","pt":1539174497290,"mc":[{"id":"1.149310120","rc":[{"ltp":4.3,"id":19924831},{"ltp":1.3,"id":2251402}]}]}
{"op":"mcm","clk":"7689456355","pt":1539174557255,"mc":[{"id":"1.149310120","rc":[{"ltp":5.0,"id":19924831},{"ltp":1.23,"id":2251402}]}]}
{"op":"mcm","clk":"7689462124","pt":1539174617195,"mc":[{"id":"1.149310120","rc":[{"ltp":4.2,"id":19924831},{"ltp":1.31,"id":2251402}]}]}
{"op":"mcm","clk":"7689468428","pt":1539174676905,"mc":[{"id":"1.149310120","rc":[{"ltp":4.3,"id":19924831},{"ltp":1.29,"id":2251402}]}]}
{"op":"mcm","clk":"7689482281","pt":1539174737067,"mc":[{"id":"1.149310120","rc":[{"ltp":4.7,"id":19924831},{"ltp":1.27,"id":2251402}]}]}
{"op":"mcm","clk":"7689488396","pt":1539174796790,"mc":[{"id":"1.149310120","rc":[{"ltp":5.0,"id":19924831},{"ltp":1.25,"id":2251402}]}]}
{"op":"mcm","clk":"7689499393","pt":1539174917165,"mc":[{"id":"1.149310120","rc":[{"ltp":4.6,"id":19924831},{"ltp":1.28,"id":2251402}]}]}
{"op":"mcm","clk":"7689505310","pt":1539174977206,"mc":[{"id":"1.149310120","rc":[{"ltp":6.0,"id":19924831},{"ltp":1.21,"id":2251402}]}]}
{"op":"mcm","clk":"7689512288","pt":1539175037232,"mc":[{"id":"1.149310120","rc":[{"ltp":5.1,"id":19924831},{"ltp":1.24,"id":2251402}]}]}
{"op":"mcm","clk":"7689519040","pt":1539175097206,"mc":[{"id":"1.149310120","rc":[{"ltp":5.5,"id":19924831},{"ltp":1.23,"id":2251402}]}]}
{"op":"mcm","clk":"7689525850","pt":1539175157223,"mc":[{"id":"1.149310120","rc":[{"ltp":4.8,"id":19924831},{"ltp":1.25,"id":2251402}]}]}
{"op":"mcm","clk":"7689532421","pt":1539175216249,"mc":[{"id":"1.149310120","rc":[{"ltp":4.5,"id":19924831},{"ltp":1.29,"id":2251402}]}]}
{"op":"mcm","clk":"7689538879","pt":1539175277278,"mc":[{"id":"1.149310120","rc":[{"ltp":4.4,"id":19924831},{"ltp":1.28,"id":2251402}]}]}
{"op":"mcm","clk":"7689545505","pt":1539175336845,"mc":[{"id":"1.149310120","rc":[{"ltp":1.27,"id":2251402}]}]}
{"op":"mcm","clk":"7689552059","pt":1539175397156,"mc":[{"id":"1.149310120","rc":[{"ltp":5.1,"id":19924831},{"ltp":1.24,"id":2251402}]}]}
{"op":"mcm","clk":"7689558182","pt":1539175457232,"mc":[{"id":"1.149310120","rc":[{"ltp":7.2,"id":19924831},{"ltp":1.16,"id":2251402}]}]}
{"op":"mcm","clk":"7689564827","pt":1539175516769,"mc":[{"id":"1.149310120","rc":[{"ltp":6.6,"id":19924831},{"ltp":1.14,"id":2251402}]}]}
{"op":"mcm","clk":"7689571416","pt":1539175577254,"mc":[{"id":"1.149310120","rc":[{"ltp":13.0,"id":19924831},{"ltp":1.1,"id":2251402}]}]}
{"op":"mcm","clk":"7689584856","pt":1539175637142,"mc":[{"id":"1.149310120","rc":[{"ltp":12.5,"id":19924831},{"ltp":1.09,"id":2251402}]}]}
{"op":"mcm","clk":"7689597506","pt":1539175757270,"mc":[{"id":"1.149310120","rc":[{"ltp":15.5,"id":19924831},{"ltp":1.08,"id":2251402}]}]}
{"op":"mcm","clk":"7689603707","pt":1539175817154,"mc":[{"id":"1.149310120","rc":[{"ltp":15.0,"id":19924831}]}]}
{"op":"mcm","clk":"7689610092","pt":1539175877218,"mc":[{"id":"1.149310120","rc":[{"ltp":14.5,"id":19924831}]}]}
{"op":"mcm","clk":"7689621444","pt":1539175997199,"mc":[{"id":"1.149310120","rc":[{"ltp":14.0,"id":19924831}]}]}
{"op":"mcm","clk":"7689627335","pt":1539176057093,"mc":[{"id":"1.149310120","rc":[{"ltp":12.0,"id":19924831},{"ltp":1.09,"id":2251402}]}]}
{"op":"mcm","clk":"7689633638","pt":1539176116604,"mc":[{"id":"1.149310120","rc":[{"ltp":13.5,"id":19924831},{"ltp":1.08,"id":2251402}]}]}
{"op":"mcm","clk":"7689645719","pt":1539176234252,"mc":[{"id":"1.149310120","rc":[{"ltp":12.5,"id":19924831}]}]}
{"op":"mcm","clk":"7689651051","pt":1539176294018,"mc":[{"id":"1.149310120","rc":[{"ltp":15.0,"id":19924831},{"ltp":1.07,"id":2251402}]}]}
{"op":"mcm","clk":"7689656305","pt":1539176357196,"mc":[{"id":"1.149310120","rc":[{"ltp":12.0,"id":19924831},{"ltp":1.09,"id":2251402}]}]}
{"op":"mcm","clk":"7689661477","pt":1539176417216,"mc":[{"id":"1.149310120","rc":[{"ltp":13.5,"id":19924831},{"ltp":1.07,"id":2251402}]}]}
{"op":"mcm","clk":"7689667198","pt":1539176476822,"mc":[{"id":"1.149310120","rc":[{"ltp":15.0,"id":19924831}]}]}
{"op":"mcm","clk":"7689681833","pt":1539176537003,"mc":[{"id":"1.149310120","rc":[{"ltp":11.0,"id":19924831},{"ltp":1.09,"id":2251402}]}]}
{"op":"mcm","clk":"7689688352","pt":1539176594987,"mc":[{"id":"1.149310120","rc":[{"ltp":11.5,"id":19924831}]}]}
{"op":"mcm","clk":"7689695269","pt":1539176657283,"mc":[{"id":"1.149310120","rc":[{"ltp":10.0,"id":19924831},{"ltp":1.11,"id":2251402}]}]}
{"op":"mcm","clk":"7689703115","pt":1539176716707,"mc":[{"id":"1.149310120","rc":[{"ltp":12.0,"id":19924831},{"ltp":1.08,"id":2251402}]}]}
{"op":"mcm","clk":"7689710156","pt":1539176777245,"mc":[{"id":"1.149310120","rc":[{"ltp":13.0,"id":19924831},{"ltp":1.09,"id":2251402}]}]}
{"op":"mcm","clk":"7689717480","pt":1539176837019,"mc":[{"id":"1.149310120","rc":[{"ltp":11.5,"id":19924831},{"ltp":1.1,"id":2251402}]}]}
{"op":"mcm","clk":"7689724606","pt":1539176897205,"mc":[{"id":"1.149310120","rc":[{"ltp":10.5,"id":19924831}]}]}
{"op":"mcm","clk":"7689731428","pt":1539176956402,"mc":[{"id":"1.149310120","rc":[{"ltp":1.11,"id":2251402}]}]}
{"op":"mcm","clk":"7689737363","pt":1539177016019,"mc":[{"id":"1.149310120","rc":[{"ltp":10.0,"id":19924831},{"ltp":1.1,"id":2251402}]}]}
{"op":"mcm","clk":"7689743635","pt":1539177076693,"mc":[{"id":"1.149310120","rc":[{"ltp":13.0,"id":19924831},{"ltp":1.08,"id":2251402}]}]}
{"op":"mcm","clk":"7689749703","pt":1539177137227,"mc":[{"id":"1.149310120","rc":[{"ltp":12.0,"id":19924831},{"ltp":1.09,"id":2251402}]}]}
{"op":"mcm","clk":"7689756153","pt":1539177197237,"mc":[{"id":"1.149310120","rc":[{"ltp":11.5,"id":19924831},{"ltp":1.1,"id":2251402}]}]}
{"op":"mcm","clk":"7689762860","pt":1539177257225,"mc":[{"id":"1.149310120","rc":[{"ltp":10.5,"id":19924831},{"ltp":1.11,"id":2251402}]}]}
{"op":"mcm","clk":"7689769391","pt":1539177316378,"mc":[{"id":"1.149310120","rc":[{"ltp":9.6,"id":19924831},{"ltp":1.12,"id":2251402}]}]}
{"op":"mcm","clk":"7689776000","pt":1539177376749,"mc":[{"id":"1.149310120","rc":[{"ltp":10.0,"id":19924831}]}]}
{"op":"mcm","clk":"7689790592","pt":1539177437054,"mc":[{"id":"1.149310120","rc":[{"ltp":7.4,"id":19924831},{"ltp":1.14,"id":2251402}]}]}
{"op":"mcm","clk":"7689797299","pt":1539177495983,"mc":[{"id":"1.149310120","rc":[{"ltp":10.5,"id":19924831},{"ltp":1.13,"id":2251402}]}]}
{"op":"mcm","clk":"7689804377","pt":1539177557068,"mc":[{"id":"1.149310120","rc":[{"ltp":9.2,"id":19924831},{"ltp":1.12,"id":2251402}]}]}
{"op":"mcm","clk":"7689811203","pt":1539177617264,"mc":[{"id":"1.149310120","rc":[{"ltp":8.8,"id":19924831},{"ltp":1.13,"id":2251402}]}]}
{"op":"mcm","clk":"7689818367","pt":1539177677283,"mc":[{"id":"1.149310120","rc":[{"ltp":8.0,"id":19924831},{"ltp":1.14,"id":2251402}]}]}
{"op":"mcm","clk":"7689825133","pt":1539177736764,"mc":[{"id":"1.149310120","rc":[{"ltp":8.6,"id":19924831},{"ltp":1.12,"id":2251402}]}]}
{"op":"mcm","clk":"7689832515","pt":1539177796665,"mc":[{"id":"1.149310120","rc":[{"ltp":7.4,"id":19924831},{"ltp":1.14,"id":2251402}]}]}
{"op":"mcm","clk":"7689840207","pt":1539177857230,"mc":[{"id":"1.149310120","rc":[{"ltp":6.2,"id":19924831},{"ltp":1.16,"id":2251402}]}]}
{"op":"mcm","clk":"7689848080","pt":1539177917203,"mc":[{"id":"1.149310120","rc":[{"ltp":5.5,"id":19924831},{"ltp":1.22,"id":2251402}]}]}
{"op":"mcm","clk":"7689855188","pt":1539177977137,"mc":[{"id":"1.149310120","rc":[{"ltp":3.6,"id":19924831},{"ltp":1.37,"id":2251402}]}]}
{"op":"mcm","clk":"7689861782","pt":1539178037260,"mc":[{"id":"1.149310120","rc":[{"ltp":3.5,"id":19924831},{"ltp":1.4,"id":2251402}]}]}
{"op":"mcm","clk":"7689867230","pt":1539178097051,"mc":[{"id":"1.149310120","rc":[{"ltp":3.4,"id":19924831},{"ltp":1.42,"id":2251402}]}]}
{"op":"mcm","clk":"7689872500","pt":1539178156989,"mc":[{"id":"1.149310120","rc":[{"ltp":3.15,"id":19924831},{"ltp":1.46,"id":2251402}]}]}
{"op":"mcm","clk":"7689878006","pt":1539178217044,"mc":[{"id":"1.149310120","rc":[{"ltp":1.45,"id":2251402}]}]}
{"op":"mcm","clk":"7689883920","pt":1539178277216,"mc":[{"id":"1.149310120","rc":[{"ltp":3.0,"id":19924831},{"ltp":1.5,"id":2251402}]}]}
{"op":"mcm","clk":"7689897831","pt":1539178337289,"mc":[{"id":"1.149310120","rc":[{"ltp":2.9,"id":19924831},{"ltp":1.54,"id":2251402}]}]}
{"op":"mcm","clk":"7689904623","pt":1539178397290,"mc":[{"id":"1.149310120","rc":[{"ltp":2.72,"id":19924831},{"ltp":1.58,"id":2251402}]}]}
{"op":"mcm","clk":"7689911355","pt":1539178456952,"mc":[{"id":"1.149310120","rc":[{"ltp":1.57,"id":2251402}]}]}
{"op":"mcm","clk":"7689918080","pt":1539178517243,"mc":[{"id":"1.149310120","rc":[{"ltp":3.4,"id":19924831},{"ltp":1.43,"id":2251402}]}]}
{"op":"mcm","clk":"7689924919","pt":1539178577278,"mc":[{"id":"1.149310120","rc":[{"ltp":3.15,"id":19924831},{"ltp":1.48,"id":2251402}]}]}
{"op":"mcm","clk":"7689931078","pt":1539178637215,"mc":[{"id":"1.149310120","rc":[{"ltp":3.55,"id":19924831}]}]}
{"op":"mcm","clk":"7689937631","pt":1539178697086,"mc":[{"id":"1.149310120","rc":[{"ltp":3.1,"id":19924831}]}]}
{"op":"mcm","clk":"7689944661","pt":1539178757247,"mc":[{"id":"1.149310120","rc":[{"ltp":4.9,"id":19924831},{"ltp":1.27,"id":2251402}]}]}
{"op":"mcm","clk":"7689951533","pt":1539178817250,"mc":[{"id":"1.149310120","rc":[{"ltp":3.2,"id":19924831},{"ltp":1.46,"id":2251402}]}]}
{"op":"mcm","clk":"7689959064","pt":1539178877300,"mc":[{"id":"1.149310120","rc":[{"ltp":2.86,"id":19924831},{"ltp":1.54,"id":2251402}]}]}
{"op":"mcm","clk":"7689966616","pt":1539178937255,"mc":[{"id":"1.149310120","rc":[{"ltp":1.53,"id":2251402}]}]}
{"op":"mcm","clk":"7689973274","pt":1539178997215,"mc":[{"id":"1.149310120","rc":[{"ltp":2.68,"id":19924831},{"ltp":1.69,"id":2251402}]}]}
{"op":"mcm","clk":"7689979567","pt":1539179057298,"mc":[{"id":"1.149310120","rc":[{"ltp":3.2,"id":19924831},{"ltp":1.46,"id":2251402}]}]}
{"op":"mcm","clk":"7689986585","pt":1539179117272,"mc":[{"id":"1.149310120","rc":[{"ltp":3.4,"id":19924831},{"ltp":1.42,"id":2251402}]}]}
{"op":"mcm","clk":"7689992903","pt":1539179177231,"mc":[{"id":"1.149310120","rc":[{"ltp":3.35,"id":19924831}]}]}
{"op":"mcm","clk":"7690007042","pt":1539179236940,"mc":[{"id":"1.149310120","rc":[{"ltp":2.74,"id":19924831},{"ltp":1.56,"id":2251402}]}]}
{"op":"mcm","clk":"7690013140","pt":1539179297297,"mc":[{"id":"1.149310120","rc":[{"ltp":3.05,"id":19924831},{"ltp":1.48,"id":2251402}]}]}
{"op":"mcm","clk":"7690018804","pt":1539179357163,"mc":[{"id":"1.149310120","rc":[{"ltp":2.82,"id":19924831},{"ltp":1.54,"id":2251402}]}]}
{"op":"mcm","clk":"7690023785","pt":1539179416760,"mc":[{"id":"1.149310120","rc":[{"ltp":2.74,"id":19924831},{"ltp":1.58,"id":2251402}]}]}
{"op":"mcm","clk":"7690028834","pt":1539179477135,"mc":[{"id":"1.149310120","rc":[{"ltp":2.62,"id":19924831},{"ltp":1.62,"id":2251402}]}]}
{"op":"mcm","clk":"7690034038","pt":1539179537123,"mc":[{"id":"1.149310120","rc":[{"ltp":3.2,"id":19924831},{"ltp":1.46,"id":2251402}]}]}
{"op":"mcm","clk":"7690039536","pt":1539179597082,"mc":[{"id":"1.149310120","rc":[{"ltp":3.3,"id":19924831},{"ltp":1.42,"id":2251402}]}]}
{"op":"mcm","clk":"7690045003","pt":1539179657287,"mc":[{"id":"1.149310120","rc":[{"ltp":2.64,"id":19924831},{"ltp":1.6,"id":2251402}]}]}
{"op":"mcm","clk":"7690050571","pt":1539179717240,"mc":[{"id":"1.149310120","rc":[{"ltp":2.56,"id":19924831},{"ltp":1.64,"id":2251402}]}]}
{"op":"mcm","clk":"7690055590","pt":1539179777105,"mc":[{"id":"1.149310120","rc":[{"ltp":2.54,"id":19924831}]}]}
{"op":"mcm","clk":"7690060654","pt":1539179837273,"mc":[{"id":"1.149310120","rc":[{"ltp":3.0,"id":19924831},{"ltp":1.56,"id":2251402}]}]}
{"op":"mcm","clk":"7690066055","pt":1539179897244,"mc":[{"id":"1.149310120","rc":[{"ltp":2.3,"id":19924831},{"ltp":1.74,"id":2251402}]}]}
{"op":"mcm","clk":"7690071436","pt":1539179957086,"mc":[{"id":"1.149310120","rc":[{"ltp":2.6,"id":19924831},{"ltp":1.61,"id":2251402}]}]}
{"op":"mcm","clk":"7690077807","pt":1539180017256,"mc":[{"id":"1.149310120","rc":[{"ltp":2.68,"id":19924831},{"ltp":1.59,"id":2251402}]}]}
{"op":"mcm","clk":"7690084279","pt":1539180077015,"mc":[{"id":"1.149310120","rc":[{"ltp":3.6,"id":19924831},{"ltp":1.38,"id":2251402}]}]}
{"op":"mcm","clk":"7690099167","pt":1539180137133,"mc":[{"id":"1.149310120","rc":[{"ltp":2.76,"id":19924831},{"ltp":1.58,"id":2251402}]}]}
{"op":"mcm","clk":"7690106165","pt":1539180197206,"mc":[{"id":"1.149310120","rc":[{"ltp":4.9,"id":19924831},{"ltp":1.26,"id":2251402}]}]}
{"op":"mcm","clk":"7690113293","pt":1539180257271,"mc":[{"id":"1.149310120","rc":[{"ltp":21.0,"id":19924831},{"ltp":1.06,"id":2251402}]}]}
{"op":"mcm","clk":"7690120338","pt":1539180316936,"mc":[{"id":"1.149310120","rc":[{"ltp":19.0,"id":19924831}]}]}
{"op":"mcm","clk":"7690126604","pt":1539180377026,"mc":[{"id":"1.149310120","rc":[{"ltp":30.0,"id":19924831},{"ltp":1.04,"id":2251402}]}]}
{"op":"mcm","clk":"7690133369","pt":1539180437063,"mc":[{"id":"1.149310120","rc":[{"ltp":27.0,"id":19924831}]}]}
{"op":"mcm","clk":"7690138949","pt":1539180493158,"mc":[{"id":"1.149310120","marketDefinition":{"bspMarket":false,"turnInPlayEnabled":true,"persistenceEnabled":true,"marketBaseRate":5.0,"eventId":"28947531","eventTypeId":"2","numberOfWinners":1,"bettingType":"ODDS","marketType":"MATCH_ODDS","marketTime":"2018-10-10T11:53:00.000Z","suspendTime":"2018-10-10T11:53:00.000Z","bspReconciled":false,"complete":true,"inPlay":true,"crossMatching":true,"runnersVoidable":false,"numberOfActiveRunners":2,"betDelay":5,"status":"SUSPENDED","runners":[{"status":"ACTIVE","sortPriority":1,"id":2251402,"name":"Roger Federer"},{"status":"ACTIVE","sortPriority":2,"id":19924831,"name":"Daniil Medvedev"}],"regulators":["MR_INT"],"countryCode":"CN","discountAllowed":true,"timezone":"UTC","openDate":"2018-10-10T11:53:00.000Z","version":2448581638,"name":"Match Odds","eventName":"Federer v Medvedev"},"rc":[{"ltp":65.0,"id":19924831},{"ltp":1.02,"id":2251402}]}]}
{"op":"mcm","clk":"7690144578","pt":1539180550651,"mc":[{"id":"1.149310120","marketDefinition":{"bspMarket":false,"turnInPlayEnabled":true,"persistenceEnabled":true,"marketBaseRate":5.0,"eventId":"28947531","eventTypeId":"2","numberOfWinners":1,"bettingType":"ODDS","marketType":"MATCH_ODDS","marketTime":"2018-10-10T11:53:00.000Z","suspendTime":"2018-10-10T11:53:00.000Z","bspReconciled":false,"complete":true,"inPlay":true,"crossMatching":false,"runnersVoidable":false,"numberOfActiveRunners":0,"betDelay":5,"status":"CLOSED","settledTime":"2018-10-10T14:08:33.000Z","runners":[{"status":"WINNER","sortPriority":1,"id":2251402,"name":"Roger Federer"},{"status":"LOSER","sortPriority":2,"id":19924831,"name":"Daniil Medvedev"}],"regulators":["MR_INT"],"countryCode":"CN","discountAllowed":true,"timezone":"UTC","openDate":"2018-10-10T11:53:00.000Z","version":2448584345,"name":"Match Odds","eventName":"Federer v Medvedev"}}]}
