{"op":"mcm","clk":"7626469726","pt":1538743825412,"mc":[{"id":"1.149131599","marketDefinition":{"bspMarket":false,"turnInPlayEnabled":true,"persistenceEnabled":true,"marketBaseRate":5.0,"eventId":"28940252","eventTypeId":"2","numberOfWinners":1,"bettingType":"ODDS","marketType":"MATCH_ODDS","marketTime":"2018-10-06T13:00:00.000Z","suspendTime":"2018-10-06T13:00:00.000Z","bspReconciled":false,"complete":true,"inPlay":false,"crossMatching":true,"runnersVoidable":false,"numberOfActiveRunners":2,"betDelay":0,"status":"OPEN","runners":[{"status":"ACTIVE","sortPriority":1,"id":5626817,"name":"Kyle Edmund"},{"status":"ACTIVE","sortPriority":2,"id":8257807,"name":"Nikoloz Basilashvili"}],"regulators":["MR_INT"],"countryCode":"CN","discountAllowed":true,"timezone":"UTC","openDate":"2018-10-06T13:00:00.000Z","version":2437871436,"name":"Match Odds","eventName":"Edmund v Basilashvili"}}]}
{"op":"mcm","clk":"7626757930","pt":1538745400150,"mc":[{"id":"1.149131599","rc":[{"ltp":1.47,"id":5626817}]}]}
{"op":"mcm","clk":"7627000253","pt":1538746705436,"mc":[{"id":"1.149131599","rc":[{"ltp":2.96,"id":8257807},{"ltp":1.49,"id":5626817}]}]}
{"op":"mcm","clk":"7627003985","pt":1538746728221,"mc":[{"id":"1.149131599","rc":[{"ltp":1.5,"id":5626817}]}]}
{"op":"mcm","clk":"7627083850","pt":1538747120673,"mc":[{"id":"1.149131599","rc":[{"ltp":1.49,"id":5626817}]}]}
{"op":"mcm","clk":"7627092802","pt":1538747184061,"mc":[{"id":"1.149131599","rc":[{"ltp":3.05,"id":8257807}]}]}
{"op":"mcm","clk":"7627523393","pt":1538750039171,"mc":[{"id":"1.149131599","rc":[{"ltp":1.51,"id":5626817}]}]}
{"op":"mcm","clk":"7627839730","pt":1538752036870,"mc":[{"id":"1.149131599","rc":[{"ltp":2.92,"id":8257807}]}]}
{"op":"mcm","clk":"7627857420","pt":1538752155006,"mc":[{"id":"1.149131599","rc":[{"ltp":2.98,"id":8257807}]}]}
{"op":"mcm","clk":"7628215507","pt":1538754279651,"mc":[{"id":"1.149131599","rc":[{"ltp":1.5,"id":5626817}]}]}
{"op":"mcm","clk":"7628361049","pt":1538755142305,"mc":[{"id":"1.149131599","rc":[{"ltp":1.51,"id":5626817}]}]}
{"op":"mcm","clk":"7628408741","pt":1538755403245,"mc":[{"id":"1.149131599","rc":[{"ltp":2.94,"id":8257807}]}]}
{"op":"mcm","clk":"7628411349","pt":1538755416467,"mc":[{"id":"1.149131599","rc":[{"ltp":2.92,"id":8257807}]}]}
{"op":"mcm","clk":"7628457302","pt":1538755644523,"mc":[{"id":"1.149131599","rc":[{"ltp":1.5,"id":5626817}]}]}
{"op":"mcm","clk":"7628530546","pt":1538755940825,"mc":[{"id":"1.149131599","rc":[{"ltp":2.96,"id":8257807},{"ltp":1.51,"id":5626817}]}]}
{"op":"mcm","clk":"7629180817","pt":1538759226392,"mc":[{"id":"1.149131599","rc":[{"ltp":2.92,"id":8257807},{"ltp":1.52,"id":5626817}]}]}
{"op":"mcm","clk":"7630513671","pt":1538764884870,"mc":[{"id":"1.149131599","rc":[{"ltp":2.96,"id":8257807},{"ltp":1.51,"id":5626817}]}]}
{"op":"mcm","clk":"7630924009","pt":1538766741712,"mc":[{"id":"1.149131599","rc":[{"ltp":2.88,"id":8257807},{"ltp":1.53,"id":5626817}]}]}
{"op":"mcm","clk":"7631017647","pt":1538767196908,"mc":[{"id":"1.149131599","rc":[{"ltp":2.86,"id":8257807}]}]}
{"op":"mcm","clk":"7631132861","pt":1538767692575,"mc":[{"id":"1.149131599","rc":[{"ltp":1.54,"id":5626817}]}]}
{"op":"mcm","clk":"7631503719","pt":1538769624240,"mc":[{"id":"1.149131599","rc":[{"ltp":2.88,"id":8257807},{"ltp":1.53,"id":5626817}]}]}
{"op":"mcm","clk":"7631689326","pt":1538770822159,"mc":[{"id":"1.149131599","rc":[{"ltp":1.54,"id":5626817}]}]}
{"op":"mcm","clk":"7631839464","pt":1538771904489,"mc":[{"id":"1.149131599","rc":[{"ltp":2.8,"id":8257807}]}]}
{"op":"mcm","clk":"7631891717","pt":1538772277920,"mc":[{"id":"1.149131599","rc":[{"ltp":1.55,"id":5626817}]}]}
{"op":"mcm","clk":"7632070207","pt":1538774299601,"mc":[{"id":"1.149131599","rc":[{"ltp":1.54,"id":5626817}]}]}
{"op":"mcm","clk":"7632077474","pt":1538774414327,"mc":[{"id":"1.149131599","rc":[{"ltp":2.84,"id":8257807}]}]}
{"op":"mcm","clk":"7632173361","pt":1538775610096,"mc":[{"id":"1.149131599","rc":[{"ltp":1.55,"id":5626817}]}]}
{"op":"mcm","clk":"7632201081","pt":1538775788905,"mc":[{"id":"1.149131599","rc":[{"ltp":2.8,"id":8257807}]}]}
{"op":"mcm","clk":"7632484709","pt":1538779644721,"mc":[{"id":"1.149131599","rc":[{"ltp":1.56,"id":5626817}]}]}
{"op":"mcm","clk":"7632487718","pt":1538779699094,"mc":[{"id":"1.149131599","rc":[{"ltp":2.78,"id":8257807}]}]}
{"op":"mcm","clk":"7632871359","pt":1538784426838,"mc":[{"id":"1.149131599","rc":[{"ltp":1.55,"id":5626817}]}]}
{"op":"mcm","clk":"7633255165","pt":1538788161663,"mc":[{"id":"1.149131599","rc":[{"ltp":1.56,"id":5626817}]}]}
{"op":"mcm","clk":"7633361172","pt":1538789202830,"mc":[{"id":"1.149131599","rc":[{"ltp":1.55,"id":5626817}]}]}
{"op":"mcm","clk":"7633608446","pt":1538791765296,"mc":[{"id":"1.149131599","rc":[{"ltp":1.56,"id":5626817}]}]}
{"op":"mcm","clk":"7633782639","pt":1538793373230,"mc":[{"id":"1.149131599","rc":[{"ltp":2.74,"id":8257807},{"ltp":1.57,"id":5626817}]}]}
{"op":"mcm","clk":"7633789007","pt":1538793443718,"mc":[{"id":"1.149131599","rc":[{"ltp":2.72,"id":8257807},{"ltp":1.58,"id":5626817}]}]}
{"op":"mcm","clk":"7633955476","pt":1538795185336,"mc":[{"id":"1.149131599","rc":[{"ltp":2.76,"id":8257807},{"ltp":1.57,"id":5626817}]}]}
{"op":"mcm","clk":"7634010082","pt":1538795694826,"mc":[{"id":"1.149131599","rc":[{"ltp":2.8,"id":8257807}]}]}
{"op":"mcm","clk":"7634081905","pt":1538796488973,"mc":[{"id":"1.149131599","rc":[{"ltp":1.56,"id":5626817}]}]}
{"op":"mcm","clk":"7634169361","pt":1538797573355,"mc":[{"id":"1.149131599","rc":[{"ltp":1.57,"id":5626817}]}]}
{"op":"mcm","clk":"7634193245","pt":1538797938244,"mc":[{"id":"1.149131599","rc":[{"ltp":1.58,"id":5626817}]}]}
{"op":"mcm","clk":"7634194695","pt":1538797968233,"mc":[{"id":"1.149131599","rc":[{"ltp":1.59,"id":5626817}]}]}
{"op":"mcm","clk":"7634313821","pt":1538799197440,"mc":[{"id":"1.149131599","rc":[{"ltp":2.68,"id":8257807}]}]}
{"op":"mcm","clk":"7634317205","pt":1538799255675,"mc":[{"id":"1.149131599","rc":[{"ltp":2.66,"id":8257807},{"ltp":1.6,"id":5626817}]}]}
{"op":"mcm","clk":"7634486298","pt":1538801171582,"mc":[{"id":"1.149131599","rc":[{"ltp":2.64,"id":8257807},{"ltp":1.61,"id":5626817}]}]}
{"op":"mcm","clk":"7634490278","pt":1538801231446,"mc":[{"id":"1.149131599","rc":[{"ltp":2.66,"id":8257807}]}]}
{"op":"mcm","clk":"7634493537","pt":1538801278907,"mc":[{"id":"1.149131599","rc":[{"ltp":1.62,"id":5626817}]}]}
{"op":"mcm","clk":"7634503315","pt":1538801416072,"mc":[{"id":"1.149131599","rc":[{"ltp":2.62,"id":8257807}]}]}
{"op":"mcm","clk":"7634515511","pt":1538801589065,"mc":[{"id":"1.149131599","rc":[{"ltp":1.6,"id":5626817}]}]}
{"op":"mcm","clk":"7634524158","pt":1538801717748,"mc":[{"id":"1.149131599","rc":[{"ltp":1.58,"id":5626817}]}]}
{"op":"mcm","clk":"7634568157","pt":1538802082276,"mc":[{"id":"1.149131599","rc":[{"ltp":1.59,"id":5626817}]}]}
{"op":"mcm","clk":"7634614397","pt":1538802655674,"mc":[{"id":"1.149131599","rc":[{"ltp":1.6,"id":5626817}]}]}
{"op":"mcm","clk":"7634668381","pt":1538803151464,"mc":[{"id":"1.149131599","rc":[{"ltp":1.59,"id":5626817}]}]}
{"op":"mcm","clk":"7634735347","pt":1538803740942,"mc":[{"id":"1.149131599","rc":[{"ltp":2.66,"id":8257807}]}]}
{"op":"mcm","clk":"7634878978","pt":1538805263481,"mc":[{"id":"1.149131599","rc":[{"ltp":1.61,"id":5626817}]}]}
{"op":"mcm","clk":"7634882069","pt":1538805315071,"mc":[{"id":"1.149131599","rc":[{"ltp":1.62,"id":5626817}]}]}
{"op":"mcm","clk":"7634926048","pt":1538805617228,"mc":[{"id":"1.149131599","rc":[{"ltp":2.64,"id":8257807},{"ltp":1.61,"id":5626817}]}]}
{"op":"mcm","clk":"7634982846","pt":1538806276210,"mc":[{"id":"1.149131599","rc":[{"ltp":2.62,"id":8257807}]}]}
{"op":"mcm","clk":"7635006861","pt":1538806362571,"mc":[{"id":"1.149131599","rc":[{"ltp":1.62,"id":5626817}]}]}
{"op":"mcm","clk":"7635014364","pt":1538806463147,"mc":[{"id":"1.149131599","rc":[{"ltp":2.64,"id":8257807}]}]}
{"op":"mcm","clk":"7635042675","pt":1538806817617,"mc":[{"id":"1.149131599","rc":[{"ltp":1.61,"id":5626817}]}]}
{"op":"mcm","clk":"7635098403","pt":1538807282686,"mc":[{"id":"1.149131599","rc":[{"ltp":2.6,"id":8257807},{"ltp":1.64,"id":5626817}]}]}
{"op":"mcm","clk":"7635124406","pt":1538807543316,"mc":[{"id":"1.149131599","rc":[{"ltp":2.58,"id":8257807}]}]}
{"op":"mcm","clk":"7635241742","pt":1538808562607,"mc":[{"id":"1.149131599","rc":[{"ltp":2.56,"id":8257807}]}]}
{"op":"mcm","clk":"7635265440","pt":1538808799093,"mc":[{"id":"1.149131599","rc":[{"ltp":2.58,"id":8257807},{"ltp":1.63,"id":5626817}]}]}
{"op":"mcm","clk":"7635275947","pt":1538808901247,"mc":[{"id":"1.149131599","rc":[{"ltp":2.6,"id":8257807}]}]}
{"op":"mcm","clk":"7635279481","pt":1538808935775,"mc":[{"id":"1.149131599","rc":[{"ltp":1.64,"id":5626817}]}]}
{"op":"mcm","clk":"7635317627","pt":1538809165124,"mc":[{"id":"1.149131599","rc":[{"ltp":2.64,"id":8257807},{"ltp":1.61,"id":5626817}]}]}
{"op":"mcm","clk":"7635322936","pt":1538809225166,"mc":[{"id":"1.149131599","rc":[{"ltp":2.68,"id":8257807},{"ltp":1.6,"id":5626817}]}]}
{"op":"mcm","clk":"7635329813","pt":1538809285088,"mc":[{"id":"1.149131599","rc":[{"ltp":2.62,"id":8257807},{"ltp":1.62,"id":5626817}]}]}
{"op":"mcm","clk":"7635375191","pt":1538809668633,"mc":[{"id":"1.149131599","rc":[{"ltp":1.63,"id":5626817}]}]}
{"op":"mcm","clk":"7635436471","pt":1538810049083,"mc":[{"id":"1.149131599","rc":[{"ltp":2.64,"id":8257807},{"ltp":1.61,"id":5626817}]}]}
{"op":"mcm","clk":"7635456982","pt":1538810224588,"mc":[{"id":"1.149131599","rc":[{"ltp":2.66,"id":8257807}]}]}
{"op":"mcm","clk":"7635577860","pt":1538811082301,"mc":[{"id":"1.149131599","rc":[{"ltp":2.62,"id":8257807}]}]}
{"op":"mcm","clk":"7635584971","pt":1538811140240,"mc":[{"id":"1.149131599","rc":[{"ltp":1.6,"id":5626817}]}]}
{"op":"mcm","clk":"7635629939","pt":1538811544664,"mc":[{"id":"1.149131599","rc":[{"ltp":1.61,"id":5626817}]}]}
{"op":"mcm","clk":"7635677270","pt":1538811829605,"mc":[{"id":"1.149131599","rc":[{"ltp":2.64,"id":8257807}]}]}
{"op":"mcm","clk":"7635859354","pt":1538813302620,"mc":[{"id":"1.149131599","rc":[{"ltp":2.62,"id":8257807}]}]}
{"op":"mcm","clk":"7635915473","pt":1538813632214,"mc":[{"id":"1.149131599","rc":[{"ltp":1.63,"id":5626817}]}]}
{"op":"mcm","clk":"7635919678","pt":1538813666820,"mc":[{"id":"1.149131599","rc":[{"ltp":1.62,"id":5626817}]}]}
{"op":"mcm","clk":"7635950859","pt":1538813945440,"mc":[{"id":"1.149131599","rc":[{"ltp":1.63,"id":5626817}]}]}
{"op":"mcm","clk":"7635987896","pt":1538814284427,"mc":[{"id":"1.149131599","rc":[{"ltp":1.62,"id":5626817}]}]}
{"op":"mcm","clk":"7636034986","pt":1538814529927,"mc":[{"id":"1.149131599","rc":[{"ltp":1.64,"id":5626817}]}]}
{"op":"mcm","clk":"7636064363","pt":1538814763924,"mc":[{"id":"1.149131599","rc":[{"ltp":2.58,"id":8257807}]}]}
{"op":"mcm","clk":"7636174873","pt":1538815492964,"mc":[{"id":"1.149131599","rc":[{"ltp":2.56,"id":8257807}]}]}
{"op":"mcm","clk":"7636213603","pt":1538815824000,"mc":[{"id":"1.149131599","rc":[{"ltp":2.58,"id":8257807},{"ltp":1.63,"id":5626817}]}]}
{"op":"mcm","clk":"7636218106","pt":1538815871146,"mc":[{"id":"1.149131599","rc":[{"ltp":1.62,"id":5626817}]}]}
{"op":"mcm","clk":"7636236833","pt":1538816062659,"mc":[{"id":"1.149131599","rc":[{"ltp":1.63,"id":5626817}]}]}
{"op":"mcm","clk":"7636281273","pt":1538816365231,"mc":[{"id":"1.149131599","rc":[{"ltp":2.6,"id":8257807},{"ltp":1.64,"id":5626817}]}]}
{"op":"mcm","clk":"7636286143","pt":1538816412753,"mc":[{"id":"1.149131599","rc":[{"ltp":1.62,"id":5626817}]}]}
{"op":"mcm","clk":"7636300972","pt":1538816528940,"mc":[{"id":"1.149131599","rc":[{"ltp":1.64,"id":5626817}]}]}
{"op":"mcm","clk":"7636310074","pt":1538816600185,"mc":[{"id":"1.149131599","rc":[{"ltp":2.58,"id":8257807}]}]}
{"op":"mcm","clk":"7636355329","pt":1538816959625,"mc":[{"id":"1.149131599","rc":[{"ltp":1.62,"id":5626817}]}]}
{"op":"mcm","clk":"7636462946","pt":1538817664445,"mc":[{"id":"1.149131599","rc":[{"ltp":1.64,"id":5626817}]}]}
{"op":"mcm","clk":"7636481060","pt":1538817803848,"mc":[{"id":"1.149131599","rc":[{"ltp":2.56,"id":8257807}]}]}
{"op":"mcm","clk":"7636489018","pt":1538817864504,"mc":[{"id":"1.149131599","rc":[{"ltp":2.54,"id":8257807}]}]}
{"op":"mcm","clk":"7636503438","pt":1538817972726,"mc":[{"id":"1.149131599","rc":[{"ltp":2.58,"id":8257807}]}]}
{"op":"mcm","clk":"7636531916","pt":1538818056755,"mc":[{"id":"1.149131599","rc":[{"ltp":1.63,"id":5626817}]}]}
{"op":"mcm","clk":"7636566059","pt":1538818319639,"mc":[{"id":"1.149131599","rc":[{"ltp":1.65,"id":5626817}]}]}
{"op":"mcm","clk":"7636608903","pt":1538818627067,"mc":[{"id":"1.149131599","rc":[{"ltp":2.56,"id":8257807}]}]}
{"op":"mcm","clk":"7636633131","pt":1538818805718,"mc":[{"id":"1.149131599","rc":[{"ltp":1.63,"id":5626817}]}]}
{"op":"mcm","clk":"7636642869","pt":1538818871966,"mc":[{"id":"1.149131599","rc":[{"ltp":2.58,"id":8257807},{"ltp":1.64,"id":5626817}]}]}
{"op":"mcm","clk":"7636703364","pt":1538819174854,"mc":[{"id":"1.149131599","rc":[{"ltp":1.63,"id":5626817}]}]}
{"op":"mcm","clk":"7636712291","pt":1538819245094,"mc":[{"id":"1.149131599","rc":[{"ltp":2.6,"id":8257807}]}]}
{"op":"mcm","clk":"7636762728","pt":1538819602504,"mc":[{"id":"1.149131599","rc":[{"ltp":1.62,"id":5626817}]}]}
{"op":"mcm","clk":"7636793418","pt":1538819814778,"mc":[{"id":"1.149131599","rc":[{"ltp":1.63,"id":5626817}]}]}
{"op":"mcm","clk":"7636844016","pt":1538820024845,"mc":[{"id":"1.149131599","rc":[{"ltp":2.62,"id":8257807}]}]}
{"op":"mcm","clk":"7636850825","pt":1538820063202,"mc":[{"id":"1.149131599","rc":[{"ltp":2.6,"id":8257807}]}]}
{"op":"mcm","clk":"7636873271","pt":1538820189300,"mc":[{"id":"1.149131599","rc":[{"ltp":1.64,"id":5626817}]}]}
{"op":"mcm","clk":"7636914900","pt":1538820432720,"mc":[{"id":"1.149131599","rc":[{"ltp":1.63,"id":5626817}]}]}
{"op":"mcm","clk":"7636943930","pt":1538820605252,"mc":[{"id":"1.149131599","rc":[{"ltp":1.64,"id":5626817}]}]}
{"op":"mcm","clk":"7636955896","pt":1538820674757,"mc":[{"id":"1.149131599","rc":[{"ltp":2.58,"id":8257807}]}]}
{"op":"mcm","clk":"7637059657","pt":1538821222686,"mc":[{"id":"1.149131599","rc":[{"ltp":1.63,"id":5626817}]}]}
{"op":"mcm","clk":"7637078201","pt":1538821338868,"mc":[{"id":"1.149131599","rc":[{"ltp":2.56,"id":8257807},{"ltp":1.65,"id":5626817}]}]}
{"op":"mcm","clk":"7637086728","pt":1538821392506,"mc":[{"id":"1.149131599","rc":[{"ltp":1.64,"id":5626817}]}]}
{"op":"mcm","clk":"7637102950","pt":1538821493803,"mc":[{"id":"1.149131599","rc":[{"ltp":2.54,"id":8257807}]}]}
{"op":"mcm","clk":"7637145691","pt":1538821643362,"mc":[{"id":"1.149131599","rc":[{"ltp":2.56,"id":8257807},{"ltp":1.65,"id":5626817}]}]}
{"op":"mcm","clk":"7637155523","pt":1538821699680,"mc":[{"id":"1.149131599","rc":[{"ltp":2.58,"id":8257807},{"ltp":1.63,"id":5626817}]}]}
{"op":"mcm","clk":"7637166512","pt":1538821765446,"mc":[{"id":"1.149131599","rc":[{"ltp":1.64,"id":5626817}]}]}
{"op":"mcm","clk":"7637174842","pt":1538821815595,"mc":[{"id":"1.149131599","rc":[{"ltp":1.65,"id":5626817}]}]}
{"op":"mcm","clk":"7637327703","pt":1538822599724,"mc":[{"id":"1.149131599","rc":[{"ltp":1.64,"id":5626817}]}]}
{"op":"mcm","clk":"7637366290","pt":1538822840670,"mc":[{"id":"1.149131599","rc":[{"ltp":2.56,"id":8257807}]}]}
{"op":"mcm","clk":"7637435660","pt":1538823265291,"mc":[{"id":"1.149131599","rc":[{"ltp":2.54,"id":8257807}]}]}
{"op":"mcm","clk":"7637518876","pt":1538823679862,"mc":[{"id":"1.149131599","rc":[{"ltp":1.65,"id":5626817}]}]}
{"op":"mcm","clk":"7637539506","pt":1538823789554,"mc":[{"id":"1.149131599","rc":[{"ltp":1.64,"id":5626817}]}]}
{"op":"mcm","clk":"7637553094","pt":1538823864298,"mc":[{"id":"1.149131599","rc":[{"ltp":1.66,"id":5626817}]}]}
{"op":"mcm","clk":"7637563725","pt":1538823921177,"mc":[{"id":"1.149131599","rc":[{"ltp":1.65,"id":5626817}]}]}
{"op":"mcm","clk":"7637573146","pt":1538823970904,"mc":[{"id":"1.149131599","rc":[{"ltp":1.66,"id":5626817}]}]}
{"op":"mcm","clk":"7637584978","pt":1538824033414,"mc":[{"id":"1.149131599","rc":[{"ltp":2.56,"id":8257807}]}]}
{"op":"mcm","clk":"7637635514","pt":1538824285028,"mc":[{"id":"1.149131599","rc":[{"ltp":2.54,"id":8257807},{"ltp":1.65,"id":5626817}]}]}
{"op":"mcm","clk":"7637665147","pt":1538824345383,"mc":[{"id":"1.149131599","rc":[{"ltp":2.52,"id":8257807}]}]}
{"op":"mcm","clk":"7637701539","pt":1538824522764,"mc":[{"id":"1.149131599","rc":[{"ltp":2.58,"id":8257807},{"ltp":1.64,"id":5626817}]}]}
{"op":"mcm","clk":"7637849547","pt":1538825244871,"mc":[{"id":"1.149131599","rc":[{"ltp":1.63,"id":5626817}]}]}
{"op":"mcm","clk":"7637953784","pt":1538825778169,"mc":[{"id":"1.149131599","rc":[{"ltp":2.56,"id":8257807}]}]}
{"op":"mcm","clk":"7637977953","pt":1538825905272,"mc":[{"id":"1.149131599","rc":[{"ltp":1.64,"id":5626817}]}]}
{"op":"mcm","clk":"7638039803","pt":1538826143054,"mc":[{"id":"1.149131599","rc":[{"ltp":1.63,"id":5626817}]}]}
{"op":"mcm","clk":"7638061152","pt":1538826261983,"mc":[{"id":"1.149131599","rc":[{"ltp":1.62,"id":5626817}]}]}
{"op":"mcm","clk":"7638082187","pt":1538826379829,"mc":[{"id":"1.149131599","rc":[{"ltp":2.6,"id":8257807}]}]}
{"op":"mcm","clk":"7638114393","pt":1538826564998,"mc":[{"id":"1.149131599","rc":[{"ltp":1.63,"id":5626817}]}]}
{"op":"mcm","clk":"7638124805","pt":1538826625389,"mc":[{"id":"1.149131599","rc":[{"ltp":1.62,"id":5626817}]}]}
{"op":"mcm","clk":"7638133923","pt":1538826680647,"mc":[{"id":"1.149131599","rc":[{"ltp":2.62,"id":8257807},{"ltp":1.61,"id":5626817}]}]}
{"op":"mcm","clk":"7638163172","pt":1538826857388,"mc":[{"id":"1.149131599","rc":[{"ltp":2.6,"id":8257807}]}]}
{"op":"mcm","clk":"7638281017","pt":1538827459382,"mc":[{"id":"1.149131599","rc":[{"ltp":2.62,"id":8257807}]}]}
{"op":"mcm","clk":"7638299329","pt":1538827561948,"mc":[{"id":"1.149131599","rc":[{"ltp":1.62,"id":5626817}]}]}
{"op":"mcm","clk":"7638315185","pt":1538827644221,"mc":[{"id":"1.149131599","rc":[{"ltp":1.61,"id":5626817}]}]}
{"op":"mcm","clk":"7638348634","pt":1538827821895,"mc":[{"id":"1.149131599","rc":[{"ltp":1.62,"id":5626817}]}]}
{"op":"mcm","clk":"7638354442","pt":1538827851337,"mc":[{"id":"1.149131599","rc":[{"ltp":2.64,"id":8257807}]}]}
{"op":"mcm","clk":"7638413817","pt":1538828064523,"mc":[{"id":"1.149131599","rc":[{"ltp":1.61,"id":5626817}]}]}
{"op":"mcm","clk":"7638472886","pt":1538828364657,"mc":[{"id":"1.149131599","rc":[{"ltp":2.62,"id":8257807},{"ltp":1.62,"id":5626817}]}]}
{"op":"mcm","clk":"7638482358","pt":1538828413122,"mc":[{"id":"1.149131599","rc":[{"ltp":2.6,"id":8257807}]}]}
{"op":"mcm","clk":"7638492177","pt":1538828465716,"mc":[{"id":"1.149131599","rc":[{"ltp":1.63,"id":5626817}]}]}
{"op":"mcm","clk":"7638505219","pt":1538828536612,"mc":[{"id":"1.149131599","rc":[{"ltp":1.62,"id":5626817}]}]}
{"op":"mcm","clk":"7638550271","pt":1538828772942,"mc":[{"id":"1.149131599","rc":[{"ltp":1.63,"id":5626817}]}]}
{"op":"mcm","clk":"7638600851","pt":1538828944563,"mc":[{"id":"1.149131599","rc":[{"ltp":2.58,"id":8257807}]}]}
{"op":"mcm","clk":"7638614371","pt":1538829014584,"mc":[{"id":"1.149131599","rc":[{"ltp":1.62,"id":5626817}]}]}
{"op":"mcm","clk":"7638628530","pt":1538829085359,"mc":[{"id":"1.149131599","rc":[{"ltp":1.63,"id":5626817}]}]}
{"op":"mcm","clk":"7638676383","pt":1538829323955,"mc":[{"id":"1.149131599","rc":[{"ltp":1.64,"id":5626817}]}]}
{"op":"mcm","clk":"7638709880","pt":1538829491991,"mc":[{"id":"1.149131599","rc":[{"ltp":1.63,"id":5626817}]}]}
{"op":"mcm","clk":"7638719133","pt":1538829541126,"mc":[{"id":"1.149131599","rc":[{"ltp":1.62,"id":5626817}]}]}
{"op":"mcm","clk":"7638732513","pt":1538829610539,"mc":[{"id":"1.149131599","rc":[{"ltp":1.63,"id":5626817}]}]}
{"op":"mcm","clk":"7638746076","pt":1538829680146,"mc":[{"id":"1.149131599","rc":[{"ltp":1.62,"id":5626817}]}]}
{"op":"mcm","clk":"7638786121","pt":1538829800901,"mc":[{"id":"1.149131599","rc":[{"ltp":1.63,"id":5626817}]}]}
{"op":"mcm","clk":"7638796572","pt":1538829853151,"mc":[{"id":"1.149131599","rc":[{"ltp":1.64,"id":5626817}]}]}
{"op":"mcm","clk":"7638809740","pt":1538829923097,"mc":[{"id":"1.149131599","rc":[{"ltp":2.56,"id":8257807}]}]}
{"op":"mcm","clk":"7638820708","pt":1538829984363,"mc":[{"id":"1.149131599","rc":[{"ltp":1.63,"id":5626817}]}]}
{"op":"mcm","clk":"7638831247","pt":1538830045011,"mc":[{"id":"1.149131599","rc":[{"ltp":1.64,"id":5626817}]}]}
{"op":"mcm","clk":"7638837045","pt":1538830078597,"mc":[{"id":"1.149131599","rc":[{"ltp":2.6,"id":8257807},{"ltp":1.63,"id":5626817}]}]}
{"op":"mcm","clk":"7638884487","pt":1538830384749,"mc":[{"id":"1.149131599","rc":[{"ltp":2.58,"id":8257807}]}]}
{"op":"mcm","clk":"7638904443","pt":1538830519857,"mc":[{"id":"1.149131599","rc":[{"ltp":2.56,"id":8257807}]}]}
{"op":"mcm","clk":"7638915248","pt":1538830585457,"mc":[{"id":"1.149131599","rc":[{"ltp":1.64,"id":5626817}]}]}
{"op":"mcm","clk":"7638938384","pt":1538830631202,"mc":[{"id":"1.149131599","rc":[{"ltp":1.63,"id":5626817}]}]}
{"op":"mcm","clk":"7638949445","pt":1538830696938,"mc":[{"id":"1.149131599","rc":[{"ltp":2.58,"id":8257807}]}]}
{"op":"mcm","clk":"7638960576","pt":1538830765406,"mc":[{"id":"1.149131599","rc":[{"ltp":1.64,"id":5626817}]}]}
{"op":"mcm","clk":"7638971580","pt":1538830824305,"mc":[{"id":"1.149131599","marketDefinition":{"bspMarket":false,"turnInPlayEnabled":true,"persistenceEnabled":true,"marketBaseRate":5.0,"eventId":"28940252","eventTypeId":"2","numberOfWinners":1,"bettingType":"ODDS","marketType":"MATCH_ODDS","marketTime":"2018-10-06T13:15:00.000Z","suspendTime":"2018-10-06T13:15:00.000Z","bspReconciled":false,"complete":true,"inPlay":false,"crossMatching":true,"runnersVoidable":false,"numberOfActiveRunners":2,"betDelay":0,"status":"OPEN","runners":[{"status":"ACTIVE","sortPriority":1,"id":5626817,"name":"Kyle Edmund"},{"status":"ACTIVE","sortPriority":2,"id":8257807,"name":"Nikoloz Basilashvili"}],"regulators":["MR_INT"],"countryCode":"CN","discountAllowed":true,"timezone":"UTC","openDate":"2018-10-06T13:15:00.000Z","version":2440195338,"name":"Match Odds","eventName":"Edmund v Basilashvili"},"rc":[{"ltp":2.56,"id":8257807}]}]}
{"op":"mcm","clk":"7639005075","pt":1538831005298,"mc":[{"id":"1.149131599","rc":[{"ltp":2.52,"id":8257807}]}]}
{"op":"mcm","clk":"7639016419","pt":1538831064871,"mc":[{"id":"1.149131599","rc":[{"ltp":2.54,"id":8257807},{"ltp":1.65,"id":5626817}]}]}
{"op":"mcm","clk":"7639028638","pt":1538831124709,"mc":[{"id":"1.149131599","rc":[{"ltp":1.64,"id":5626817}]}]}
{"op":"mcm","clk":"7639054159","pt":1538831245243,"mc":[{"id":"1.149131599","rc":[{"ltp":2.6,"id":8257807},{"ltp":1.63,"id":5626817}]}]}
{"op":"mcm","clk":"7639065421","pt":1538831299701,"mc":[{"id":"1.149131599","rc":[{"ltp":2.58,"id":8257807}]}]}
{"op":"mcm","clk":"7639079266","pt":1538831365195,"mc":[{"id":"1.149131599","rc":[{"ltp":2.6,"id":8257807}]}]}
{"op":"mcm","clk":"7639092425","pt":1538831424715,"mc":[{"id":"1.149131599","rc":[{"ltp":2.62,"id":8257807},{"ltp":1.61,"id":5626817}]}]}
{"op":"mcm","clk":"7639105451","pt":1538831485279,"mc":[{"id":"1.149131599","rc":[{"ltp":1.6,"id":5626817}]}]}
{"op":"mcm","clk":"7639148033","pt":1538831605384,"mc":[{"id":"1.149131599","rc":[{"ltp":2.66,"id":8257807}]}]}
{"op":"mcm","clk":"7639161902","pt":1538831665394,"mc":[{"id":"1.149131599","rc":[{"ltp":2.68,"id":8257807},{"ltp":1.59,"id":5626817}]}]}
{"op":"mcm","clk":"7639175892","pt":1538831724164,"mc":[{"id":"1.149131599","marketDefinition":{"bspMarket":false,"turnInPlayEnabled":true,"persistenceEnabled":true,"marketBaseRate":5.0,"eventId":"28940252","eventTypeId":"2","numberOfWinners":1,"bettingType":"ODDS","marketType":"MATCH_ODDS","marketTime":"2018-10-06T13:13:00.000Z","suspendTime":"2018-10-06T13:13:00.000Z","bspReconciled":false,"complete":true,"inPlay":false,"crossMatching":true,"runnersVoidable":false,"numberOfActiveRunners":2,"betDelay":0,"status":"OPEN","runners":[{"status":"ACTIVE","sortPriority":1,"id":5626817,"name":"Kyle Edmund"},{"status":"ACTIVE","sortPriority":2,"id":8257807,"name":"Nikoloz Basilashvili"}],"regulators":["MR_INT"],"countryCode":"CN","discountAllowed":true,"timezone":"UTC","openDate":"2018-10-06T13:13:00.000Z","version":2440260523,"name":"Match Odds","eventName":"Edmund v Basilashvili"},"rc":[{"ltp":2.62,"id":8257807},{"ltp":1.61,"id":5626817}]}]}
{"op":"mcm","clk":"7639189243","pt":1538831784213,"mc":[{"id":"1.149131599","rc":[{"ltp":2.66,"id":8257807},{"ltp":1.6,"id":5626817}]}]}
{"op":"mcm","clk":"7639201590","pt":1538831837651,"mc":[{"id":"1.149131599","rc":[{"ltp":2.64,"id":8257807},{"ltp":1.61,"id":5626817}]}]}
{"op":"mcm","clk":"7639228550","pt":1538831964777,"mc":[{"id":"1.149131599","rc":[{"ltp":2.66,"id":8257807},{"ltp":1.6,"id":5626817}]}]}
{"op":"mcm","clk":"7639240192","pt":1538832023575,"mc":[{"id":"1.149131599","rc":[{"ltp":2.64,"id":8257807},{"ltp":1.61,"id":5626817}]}]}
{"op":"mcm","clk":"7639253349","pt":1538832085385,"mc":[{"id":"1.149131599","marketDefinition":{"bspMarket":false,"turnInPlayEnabled":true,"persistenceEnabled":true,"marketBaseRate":5.0,"eventId":"28940252","eventTypeId":"2","numberOfWinners":1,"bettingType":"ODDS","marketType":"MATCH_ODDS","marketTime":"2018-10-06T13:13:00.000Z","suspendTime":"2018-10-06T13:13:00.000Z","bspReconciled":false,"complete":true,"inPlay":true,"crossMatching":true,"runnersVoidable":false,"numberOfActiveRunners":2,"betDelay":5,"status":"OPEN","runners":[{"status":"ACTIVE","sortPriority":1,"id":5626817,"name":"Kyle Edmund"},{"status":"ACTIVE","sortPriority":2,"id":8257807,"name":"Nikoloz Basilashvili"}],"regulators":["MR_INT"],"countryCode":"CN","discountAllowed":true,"timezone":"UTC","openDate":"2018-10-06T13:13:00.000Z","version":2440282903,"name":"Match Odds","eventName":"Edmund v Basilashvili"},"rc":[{"ltp":2.74,"id":8257807},{"ltp":1.58,"id":5626817}]}]}
{"op":"mcm","clk":"7639267151","pt":1538832145383,"mc":[{"id":"1.149131599","rc":[{"ltp":2.48,"id":8257807},{"ltp":1.6,"id":5626817}]}]}
{"op":"mcm","clk":"7639280255","pt":1538832205366,"mc":[{"id":"1.149131599","rc":[{"ltp":2.44,"id":8257807},{"ltp":1.67,"id":5626817}]}]}
{"op":"mcm","clk":"7639294728","pt":1538832265419,"mc":[{"id":"1.149131599","rc":[{"ltp":1.9,"id":8257807},{"ltp":2.08,"id":5626817}]}]}
{"op":"mcm","clk":"7639309682","pt":1538832325370,"mc":[{"id":"1.149131599","rc":[{"ltp":2.02,"id":8257807},{"ltp":1.98,"id":5626817}]}]}
{"op":"mcm","clk":"7639323190","pt":1538832385313,"mc":[{"id":"1.149131599","rc":[{"ltp":2.16,"id":8257807},{"ltp":1.85,"id":5626817}]}]}
{"op":"mcm","clk":"7639352706","pt":1538832445448,"mc":[{"id":"1.149131599","rc":[{"ltp":2.32,"id":8257807},{"ltp":1.78,"id":5626817}]}]}
{"op":"mcm","clk":"7639365278","pt":1538832505258,"mc":[{"id":"1.149131599","rc":[{"ltp":2.68,"id":8257807},{"ltp":1.58,"id":5626817}]}]}
{"op":"mcm","clk":"7639378064","pt":1538832565419,"mc":[{"id":"1.149131599","rc":[{"ltp":3.0,"id":8257807},{"ltp":1.5,"id":5626817}]}]}
{"op":"mcm","clk":"7639392222","pt":1538832625387,"mc":[{"id":"1.149131599","rc":[{"ltp":2.74,"id":8257807},{"ltp":1.56,"id":5626817}]}]}
{"op":"mcm","clk":"7639406949","pt":1538832685231,"mc":[{"id":"1.149131599","rc":[{"ltp":3.25,"id":8257807},{"ltp":1.44,"id":5626817}]}]}
{"op":"mcm","clk":"7639421754","pt":1538832745067,"mc":[{"id":"1.149131599","rc":[{"ltp":3.3,"id":8257807}]}]}
{"op":"mcm","clk":"7639435771","pt":1538832805046,"mc":[{"id":"1.149131599","rc":[{"ltp":3.35,"id":8257807},{"ltp":1.43,"id":5626817}]}]}
{"op":"mcm","clk":"7639449534","pt":1538832865267,"mc":[{"id":"1.149131599","rc":[{"ltp":3.15,"id":8257807},{"ltp":1.46,"id":5626817}]}]}
{"op":"mcm","clk":"7639463163","pt":1538832925438,"mc":[{"id":"1.149131599","rc":[{"ltp":3.0,"id":8257807},{"ltp":1.54,"id":5626817}]}]}
{"op":"mcm","clk":"7639477546","pt":1538832985361,"mc":[{"id":"1.149131599","rc":[{"ltp":2.78,"id":8257807},{"ltp":1.56,"id":5626817}]}]}
{"op":"mcm","clk":"7639492241","pt":1538833045431,"mc":[{"id":"1.149131599","rc":[{"ltp":2.88,"id":8257807},{"ltp":1.5,"id":5626817}]}]}
{"op":"mcm","clk":"7639507325","pt":1538833105115,"mc":[{"id":"1.149131599","rc":[{"ltp":3.0,"id":8257807},{"ltp":1.48,"id":5626817}]}]}
{"op":"mcm","clk":"7639521196","pt":1538833165385,"mc":[{"id":"1.149131599","rc":[{"ltp":1.49,"id":5626817}]}]}
{"op":"mcm","clk":"7639534954","pt":1538833225373,"mc":[{"id":"1.149131599","rc":[{"ltp":2.96,"id":8257807},{"ltp":1.51,"id":5626817}]}]}
{"op":"mcm","clk":"7639549446","pt":1538833285331,"mc":[{"id":"1.149131599","rc":[{"ltp":3.0,"id":8257807},{"ltp":1.49,"id":5626817}]}]}
{"op":"mcm","clk":"7639580329","pt":1538833345453,"mc":[{"id":"1.149131599","rc":[{"ltp":2.74,"id":8257807},{"ltp":1.58,"id":5626817}]}]}
{"op":"mcm","clk":"7639592941","pt":1538833405422,"mc":[{"id":"1.149131599","rc":[{"ltp":2.58,"id":8257807},{"ltp":1.63,"id":5626817}]}]}
{"op":"mcm","clk":"7639606520","pt":1538833465424,"mc":[{"id":"1.149131599","rc":[{"ltp":2.28,"id":8257807},{"ltp":1.76,"id":5626817}]}]}
{"op":"mcm","clk":"7639620435","pt":1538833525395,"mc":[{"id":"1.149131599","rc":[{"ltp":2.06,"id":8257807},{"ltp":1.8,"id":5626817}]}]}
{"op":"mcm","clk":"7639633938","pt":1538833585467,"mc":[{"id":"1.149131599","rc":[{"ltp":2.42,"id":8257807},{"ltp":1.7,"id":5626817}]}]}
{"op":"mcm","clk":"7639646817","pt":1538833645460,"mc":[{"id":"1.149131599","rc":[{"ltp":2.84,"id":8257807},{"ltp":1.55,"id":5626817}]}]}
{"op":"mcm","clk":"7639659437","pt":1538833704851,"mc":[{"id":"1.149131599","rc":[{"ltp":2.82,"id":8257807}]}]}
{"op":"mcm","clk":"7639672391","pt":1538833765229,"mc":[{"id":"1.149131599","rc":[{"ltp":2.56,"id":8257807},{"ltp":1.65,"id":5626817}]}]}
{"op":"mcm","clk":"7639684628","pt":1538833824578,"mc":[{"id":"1.149131599","rc":[{"ltp":2.5,"id":8257807},{"ltp":1.66,"id":5626817}]}]}
{"op":"mcm","clk":"7639696836","pt":1538833885444,"mc":[{"id":"1.149131599","rc":[{"ltp":1.67,"id":5626817}]}]}
{"op":"mcm","clk":"7639708241","pt":1538833945312,"mc":[{"id":"1.149131599","rc":[{"ltp":2.62,"id":8257807},{"ltp":1.57,"id":5626817}]}]}
{"op":"mcm","clk":"7639719536","pt":1538834005456,"mc":[{"id":"1.149131599","rc":[{"ltp":2.86,"id":8257807},{"ltp":1.53,"id":5626817}]}]}
{"op":"mcm","clk":"7639731253","pt":1538834065243,"mc":[{"id":"1.149131599","rc":[{"ltp":2.88,"id":8257807}]}]}
{"op":"mcm","clk":"7639742434","pt":1538834125249,"mc":[{"id":"1.149131599","rc":[{"ltp":3.0,"id":8257807},{"ltp":1.5,"id":5626817}]}]}
{"op":"mcm","clk":"7639753920","pt":1538834185225,"mc":[{"id":"1.149131599","rc":[{"ltp":4.5,"id":8257807},{"ltp":1.28,"id":5626817}]}]}
{"op":"mcm","clk":"7639782415","pt":1538834245409,"mc":[{"id":"1.149131599","rc":[{"ltp":3.15,"id":8257807},{"ltp":1.47,"id":5626817}]}]}
{"op":"mcm","clk":"7639793476","pt":1538834305444,"mc":[{"id":"1.149131599","rc":[{"ltp":3.1,"id":8257807},{"ltp":1.45,"id":5626817}]}]}
{"op":"mcm","clk":"7639804890","pt":1538834365433,"mc":[{"id":"1.149131599","rc":[{"ltp":3.15,"id":8257807}]}]}
{"op":"mcm","clk":"7639817657","pt":1538834425419,"mc":[{"id":"1.149131599","rc":[{"ltp":2.82,"id":8257807},{"ltp":1.61,"id":5626817}]}]}
{"op":"mcm","clk":"7639830689","pt":1538834485125,"mc":[{"id":"1.149131599","rc":[{"ltp":2.78,"id":8257807},{"ltp":1.56,"id":5626817}]}]}
{"op":"mcm","clk":"7639844601","pt":1538834545461,"mc":[{"id":"1.149131599","rc":[{"ltp":3.05,"id":8257807},{"ltp":1.47,"id":5626817}]}]}
{"op":"mcm","clk":"7639858887","pt":1538834605221,"mc":[{"id":"1.149131599","rc":[{"ltp":2.8,"id":8257807},{"ltp":1.56,"id":5626817}]}]}
{"op":"mcm","clk":"7639873831","pt":1538834664769,"mc":[{"id":"1.149131599","rc":[{"ltp":2.22,"id":8257807},{"ltp":1.78,"id":5626817}]}]}
{"op":"mcm","clk":"7639889856","pt":1538834725224,"mc":[{"id":"1.149131599","rc":[{"ltp":2.92,"id":8257807},{"ltp":1.53,"id":5626817}]}]}
{"op":"mcm","clk":"7639905172","pt":1538834784227,"mc":[{"id":"1.149131599","rc":[{"ltp":3.0,"id":8257807},{"ltp":1.5,"id":5626817}]}]}
{"op":"mcm","clk":"7639921443","pt":1538834845467,"mc":[{"id":"1.149131599","rc":[{"ltp":2.64,"id":8257807},{"ltp":1.61,"id":5626817}]}]}
{"op":"mcm","clk":"7639937993","pt":1538834905460,"mc":[{"id":"1.149131599","rc":[{"ltp":3.15,"id":8257807},{"ltp":1.45,"id":5626817}]}]}
{"op":"mcm","clk":"7639954719","pt":1538834965328,"mc":[{"id":"1.149131599","rc":[{"ltp":1.46,"id":5626817}]}]}
{"op":"mcm","clk":"7639971107","pt":1538835025319,"mc":[{"id":"1.149131599","rc":[{"ltp":2.56,"id":8257807},{"ltp":1.63,"id":5626817}]}]}
{"op":"mcm","clk":"7639988222","pt":1538835085424,"mc":[{"id":"1.149131599","rc":[{"ltp":2.6,"id":8257807}]}]}
{"op":"mcm","clk":"7640021300","pt":1538835145419,"mc":[{"id":"1.149131599","rc":[{"ltp":3.2,"id":8257807},{"ltp":1.49,"id":5626817}]}]}
{"op":"mcm","clk":"7640038320","pt":1538835205222,"mc":[{"id":"1.149131599","rc":[{"ltp":3.7,"id":8257807},{"ltp":1.32,"id":5626817}]}]}
{"op":"mcm","clk":"7640056657","pt":1538835265398,"mc":[{"id":"1.149131599","rc":[{"ltp":3.9,"id":8257807},{"ltp":1.35,"id":5626817}]}]}
{"op":"mcm","clk":"7640074395","pt":1538835325360,"mc":[{"id":"1.149131599","rc":[{"ltp":3.4,"id":8257807},{"ltp":1.42,"id":5626817}]}]}
{"op":"mcm","clk":"7640092818","pt":1538835385439,"mc":[{"id":"1.149131599","rc":[{"ltp":3.1,"id":8257807},{"ltp":1.47,"id":5626817}]}]}
{"op":"mcm","clk":"7640110760","pt":1538835445394,"mc":[{"id":"1.149131599","rc":[{"ltp":2.52,"id":8257807},{"ltp":1.66,"id":5626817}]}]}
{"op":"mcm","clk":"7640128177","pt":1538835505422,"mc":[{"id":"1.149131599","rc":[{"ltp":1.68,"id":8257807},{"ltp":2.1,"id":5626817}]}]}
{"op":"mcm","clk":"7640144527","pt":1538835565399,"mc":[{"id":"1.149131599","rc":[{"ltp":2.04,"id":8257807},{"ltp":1.97,"id":5626817}]}]}
{"op":"mcm","clk":"7640161932","pt":1538835625431,"mc":[{"id":"1.149131599","rc":[{"ltp":2.52,"id":8257807},{"ltp":1.68,"id":5626817}]}]}
{"op":"mcm","clk":"7640179060","pt":1538835685387,"mc":[{"id":"1.149131599","rc":[{"ltp":1.54,"id":8257807},{"ltp":2.82,"id":5626817}]}]}
{"op":"mcm","clk":"7640195654","pt":1538835745384,"mc":[{"id":"1.149131599","rc":[{"ltp":1.52,"id":8257807},{"ltp":2.96,"id":5626817}]}]}
{"op":"mcm","clk":"7640211770","pt":1538835805411,"mc":[{"id":"1.149131599","rc":[{"ltp":1.54,"id":8257807},{"ltp":2.88,"id":5626817}]}]}
{"op":"mcm","clk":"7640228977","pt":1538835865391,"mc":[{"id":"1.149131599","rc":[{"ltp":1.47,"id":8257807},{"ltp":3.1,"id":5626817}]}]}
{"op":"mcm","clk":"7640243838","pt":1538835925319,"mc":[{"id":"1.149131599","rc":[{"ltp":1.45,"id":8257807},{"ltp":3.2,"id":5626817}]}]}
{"op":"mcm","clk":"7640259061","pt":1538835985432,"mc":[{"id":"1.149131599","rc":[{"ltp":1.42,"id":8257807},{"ltp":3.35,"id":5626817}]}]}
{"op":"mcm","clk":"7640291028","pt":1538836045460,"mc":[{"id":"1.149131599","rc":[{"ltp":1.22,"id":8257807},{"ltp":5.5,"id":5626817}]}]}
{"op":"mcm","clk":"7640306135","pt":1538836105293,"mc":[{"id":"1.149131599","rc":[{"ltp":1.18,"id":8257807},{"ltp":7.0,"id":5626817}]}]}
{"op":"mcm","clk":"7640321312","pt":1538836165322,"mc":[{"id":"1.149131599","rc":[{"ltp":1.12,"id":8257807},{"ltp":9.4,"id":5626817}]}]}
{"op":"mcm","clk":"7640336191","pt":1538836224779,"mc":[{"id":"1.149131599","rc":[{"ltp":1.13,"id":8257807},{"ltp":8.6,"id":5626817}]}]}
{"op":"mcm","clk":"7640351746","pt":1538836285372,"mc":[{"id":"1.149131599","rc":[{"ltp":1.12,"id":8257807},{"ltp":9.8,"id":5626817}]}]}
{"op":"mcm","clk":"7640384757","pt":1538836405412,"mc":[{"id":"1.149131599","rc":[{"ltp":1.14,"id":8257807},{"ltp":7.8,"id":5626817}]}]}
{"op":"mcm","clk":"7640398924","pt":1538836465241,"mc":[{"id":"1.149131599","rc":[{"ltp":8.2,"id":5626817}]}]}
{"op":"mcm","clk":"7640414218","pt":1538836525412,"mc":[{"id":"1.149131599","rc":[{"ltp":1.2,"id":8257807},{"ltp":6.0,"id":5626817}]}]}
{"op":"mcm","clk":"7640430311","pt":1538836585348,"mc":[{"id":"1.149131599","rc":[{"ltp":1.15,"id":8257807},{"ltp":7.6,"id":5626817}]}]}
{"op":"mcm","clk":"7640446339","pt":1538836644586,"mc":[{"id":"1.149131599","rc":[{"ltp":1.16,"id":8257807},{"ltp":6.8,"id":5626817}]}]}
{"op":"mcm","clk":"7640462469","pt":1538836704999,"mc":[{"id":"1.149131599","rc":[{"ltp":1.13,"id":8257807},{"ltp":8.6,"id":5626817}]}]}
{"op":"mcm","clk":"7640478406","pt":1538836765422,"mc":[{"id":"1.149131599","rc":[{"ltp":1.1,"id":8257807},{"ltp":11.0,"id":5626817}]}]}
{"op":"mcm","clk":"7640494216","pt":1538836824826,"mc":[{"id":"1.149131599","rc":[{"ltp":12.0,"id":5626817}]}]}
{"op":"mcm","clk":"7640511699","pt":1538836885287,"mc":[{"id":"1.149131599","rc":[{"ltp":1.07,"id":8257807},{"ltp":15.0,"id":5626817}]}]}
{"op":"mcm","clk":"7640562055","pt":1538837005019,"mc":[{"id":"1.149131599","rc":[{"ltp":1.1,"id":8257807},{"ltp":11.0,"id":5626817}]}]}
{"op":"mcm","clk":"7640579532","pt":1538837065185,"mc":[{"id":"1.149131599","rc":[{"ltp":13.5,"id":5626817}]}]}
{"op":"mcm","clk":"7640597130","pt":1538837125231,"mc":[{"id":"1.149131599","rc":[{"ltp":1.05,"id":8257807},{"ltp":22.0,"id":5626817}]}]}
{"op":"mcm","clk":"7640613290","pt":1538837184575,"mc":[{"id":"1.149131599","rc":[{"ltp":23.0,"id":5626817}]}]}
{"op":"mcm","clk":"7640643559","pt":1538837304213,"mc":[{"id":"1.149131599","rc":[{"ltp":1.04,"id":8257807},{"ltp":30.0,"id":5626817}]}]}
{"op":"mcm","clk":"7640657399","pt":1538837365017,"mc":[{"id":"1.149131599","rc":[{"ltp":1.02,"id":8257807},{"ltp":34.0,"id":5626817}]}]}
{"op":"mcm","clk":"7640670286","pt":1538837425271,"mc":[{"id":"1.149131599","rc":[{"ltp":1.06,"id":8257807},{"ltp":21.0,"id":5626817}]}]}
{"op":"mcm","clk":"7640682492","pt":1538837485368,"mc":[{"id":"1.149131599","rc":[{"ltp":1.04,"id":8257807},{"ltp":25.0,"id":5626817}]}]}
{"op":"mcm","clk":"7640695549","pt":1538837545184,"mc":[{"id":"1.149131599","rc":[{"ltp":1.05,"id":8257807},{"ltp":19.0,"id":5626817}]}]}
{"op":"mcm","clk":"7640708742","pt":1538837605318,"mc":[{"id":"1.149131599","rc":[{"ltp":1.1,"id":8257807},{"ltp":15.0,"id":5626817}]}]}
{"op":"mcm","clk":"7640721916","pt":1538837665365,"mc":[{"id":"1.149131599","rc":[{"ltp":1.23,"id":8257807},{"ltp":5.4,"id":5626817}]}]}
{"op":"mcm","clk":"7640734195","pt":1538837725400,"mc":[{"id":"1.149131599","rc":[{"ltp":1.35,"id":8257807},{"ltp":3.85,"id":5626817}]}]}
{"op":"mcm","clk":"7640746297","pt":1538837785237,"mc":[{"id":"1.149131599","rc":[{"ltp":1.36,"id":8257807},{"ltp":3.8,"id":5626817}]}]}
{"op":"mcm","clk":"7640774165","pt":1538837845298,"mc":[{"id":"1.149131599","rc":[{"ltp":3.55,"id":5626817}]}]}
{"op":"mcm","clk":"7640786628","pt":1538837905433,"mc":[{"id":"1.149131599","rc":[{"ltp":1.16,"id":8257807},{"ltp":7.2,"id":5626817}]}]}
{"op":"mcm","clk":"7640798811","pt":1538837965370,"mc":[{"id":"1.149131599","rc":[{"ltp":1.11,"id":8257807},{"ltp":10.0,"id":5626817}]}]}
{"op":"mcm","clk":"7640806803","pt":1538838004730,"mc":[{"id":"1.149131599","marketDefinition":{"bspMarket":false,"turnInPlayEnabled":true,"persistenceEnabled":true,"marketBaseRate":5.0,"eventId":"28940252","eventTypeId":"2","numberOfWinners":1,"bettingType":"ODDS","marketType":"MATCH_ODDS","marketTime":"2018-10-06T13:13:00.000Z","suspendTime":"2018-10-06T13:13:00.000Z","bspReconciled":false,"complete":true,"inPlay":true,"crossMatching":true,"runnersVoidable":false,"numberOfActiveRunners":2,"betDelay":5,"status":"SUSPENDED","runners":[{"status":"ACTIVE","sortPriority":1,"id":5626817,"name":"Kyle Edmund"},{"status":"ACTIVE","sortPriority":2,"id":8257807,"name":"Nikoloz Basilashvili"}],"regulators":["MR_INT"],"countryCode":"CN","discountAllowed":true,"timezone":"UTC","openDate":"2018-10-06T13:13:00.000Z","version":2440817980,"name":"Match Odds","eventName":"Edmund v Basilashvili"},"rc":[{"ltp":1.1,"id":8257807}]}]}
{"op":"mcm","clk":"7640818682","pt":1538838059414,"mc":[{"id":"1.149131599","marketDefinition":{"bspMarket":false,"turnInPlayEnabled":true,"persistenceEnabled":true,"marketBaseRate":5.0,"eventId":"28940252","eventTypeId":"2","numberOfWinners":1,"bettingType":"ODDS","marketType":"MATCH_ODDS","marketTime":"2018-10-06T13:13:00.000Z","suspendTime":"2018-10-06T13:13:00.000Z","bspReconciled":false,"complete":true,"inPlay":true,"crossMatching":false,"runnersVoidable":false,"numberOfActiveRunners":0,"betDelay":5,"status":"CLOSED","settledTime":"2018-10-06T15:00:32.000Z","runners":[{"status":"LOSER","sortPriority":1,"id":5626817,"name":"Kyle Edmund"},{"status":"WINNER","sortPriority":2,"id":8257807,"name":"Nikoloz Basilashvili"}],"regulators":["MR_INT"],"countryCode":"CN","discountAllowed":true,"timezone":"UTC","openDate":"2018-10-06T13:13:00.000Z","version":2440853212,"name":"Match Odds","eventName":"Edmund v Basilashvili"}}]}
