{"op":"mcm","clk":"7637618971","pt":1538665863118,"mc":[{"id":"1.149090244","marketDefinition":{"bspMarket":false,"turnInPlayEnabled":true,"persistenceEnabled":true,"marketBaseRate":5.0,"eventId":"28938732","eventTypeId":"2","numberOfWinners":1,"bettingType":"ODDS","marketType":"MATCH_ODDS","marketTime":"2018-10-05T13:00:00.000Z","suspendTime":"2018-10-05T13:00:00.000Z","bspReconciled":false,"complete":true,"inPlay":false,"crossMatching":true,"runnersVoidable":false,"numberOfActiveRunners":2,"betDelay":0,"status":"OPEN","runners":[{"status":"ACTIVE","sortPriority":1,"id":6145777,"name":"Qiang Wang"},{"status":"ACTIVE","sortPriority":2,"id":9628840,"name":"Aryna Sabalenka"}],"regulators":["MR_INT"],"countryCode":"CN","discountAllowed":true,"timezone":"UTC","openDate":"2018-10-05T13:00:00.000Z","version":2436880902,"name":"Match Odds","eventName":"Q Wang v Sabalenka"}}]}
{"op":"mcm","clk":"7637932263","pt":1538668431480,"mc":[{"id":"1.149090244","rc":[{"ltp":1.42,"id":9628840}]}]}
{"op":"mcm","clk":"7638084495","pt":1538669636745,"mc":[{"id":"1.149090244","rc":[{"ltp":2.5,"id":6145777}]}]}
{"op":"mcm","clk":"7638143529","pt":1538670025699,"mc":[{"id":"1.149090244","rc":[{"ltp":1.64,"id":9628840}]}]}
{"op":"mcm","clk":"7638261374","pt":1538671009120,"mc":[{"id":"1.149090244","rc":[{"ltp":1.72,"id":9628840}]}]}
{"op":"mcm","clk":"7638295724","pt":1538671374825,"mc":[{"id":"1.149090244","rc":[{"ltp":1.66,"id":9628840}]}]}
{"op":"mcm","clk":"7638347123","pt":1538671725485,"mc":[{"id":"1.149090244","rc":[{"ltp":2.48,"id":6145777}]}]}
{"op":"mcm","clk":"7639126015","pt":1538677258373,"mc":[{"id":"1.149090244","rc":[{"ltp":1.68,"id":9628840},{"ltp":2.46,"id":6145777}]}]}
{"op":"mcm","clk":"7639243303","pt":1538677975349,"mc":[{"id":"1.149090244","rc":[{"ltp":1.69,"id":9628840}]}]}
{"op":"mcm","clk":"7639303158","pt":1538678396717,"mc":[{"id":"1.149090244","rc":[{"ltp":1.7,"id":9628840},{"ltp":2.42,"id":6145777}]}]}
{"op":"mcm","clk":"7639732828","pt":1538681288052,"mc":[{"id":"1.149090244","rc":[{"ltp":1.69,"id":9628840}]}]}
{"op":"mcm","clk":"7639871811","pt":1538682212559,"mc":[{"id":"1.149090244","rc":[{"ltp":1.7,"id":9628840}]}]}
{"op":"mcm","clk":"7640245401","pt":1538684991782,"mc":[{"id":"1.149090244","rc":[{"ltp":1.69,"id":9628840}]}]}
{"op":"mcm","clk":"7640278636","pt":1538685150515,"mc":[{"id":"1.149090244","rc":[{"ltp":1.67,"id":9628840}]}]}
{"op":"mcm","clk":"7640508259","pt":1538687458026,"mc":[{"id":"1.149090244","rc":[{"ltp":1.71,"id":9628840}]}]}
{"op":"mcm","clk":"7640779223","pt":1538690578594,"mc":[{"id":"1.149090244","rc":[{"ltp":1.69,"id":9628840}]}]}
{"op":"mcm","clk":"7640971731","pt":1538693097516,"mc":[{"id":"1.149090244","rc":[{"ltp":1.68,"id":9628840}]}]}
{"op":"mcm","clk":"7641112624","pt":1538694883677,"mc":[{"id":"1.149090244","rc":[{"ltp":1.67,"id":9628840}]}]}
{"op":"mcm","clk":"7641173202","pt":1538695595193,"mc":[{"id":"1.149090244","rc":[{"ltp":1.68,"id":9628840},{"ltp":2.46,"id":6145777}]}]}
{"op":"mcm","clk":"7641250115","pt":1538696555161,"mc":[{"id":"1.149090244","rc":[{"ltp":1.67,"id":9628840}]}]}
{"op":"mcm","clk":"7641315697","pt":1538697303773,"mc":[{"id":"1.149090244","rc":[{"ltp":1.68,"id":9628840}]}]}
{"op":"mcm","clk":"7641397929","pt":1538698189136,"mc":[{"id":"1.149090244","rc":[{"ltp":1.66,"id":9628840}]}]}
{"op":"mcm","clk":"7642028332","pt":1538706230256,"mc":[{"id":"1.149090244","rc":[{"ltp":1.68,"id":9628840}]}]}
{"op":"mcm","clk":"7642168070","pt":1538707913044,"mc":[{"id":"1.149090244","rc":[{"ltp":1.66,"id":9628840}]}]}
{"op":"mcm","clk":"7642373137","pt":1538710541339,"mc":[{"id":"1.149090244","rc":[{"ltp":1.68,"id":9628840}]}]}
{"op":"mcm","clk":"7642390437","pt":1538710884145,"mc":[{"id":"1.149090244","rc":[{"ltp":1.66,"id":9628840}]}]}
{"op":"mcm","clk":"7642523679","pt":1538712689359,"mc":[{"id":"1.149090244","rc":[{"ltp":1.68,"id":9628840}]}]}
{"op":"mcm","clk":"7642811379","pt":1538716378498,"mc":[{"id":"1.149090244","rc":[{"ltp":1.67,"id":9628840}]}]}
{"op":"mcm","clk":"7642888793","pt":1538717212024,"mc":[{"id":"1.149090244","rc":[{"ltp":1.66,"id":9628840}]}]}
{"op":"mcm","clk":"7642902497","pt":1538717434519,"mc":[{"id":"1.149090244","rc":[{"ltp":1.7,"id":9628840}]}]}
{"op":"mcm","clk":"7643016724","pt":1538718652450,"mc":[{"id":"1.149090244","rc":[{"ltp":2.42,"id":6145777}]}]}
{"op":"mcm","clk":"7643057415","pt":1538719247895,"mc":[{"id":"1.149090244","rc":[{"ltp":1.67,"id":9628840}]}]}
{"op":"mcm","clk":"7643106738","pt":1538719679821,"mc":[{"id":"1.149090244","rc":[{"ltp":1.66,"id":9628840}]}]}
{"op":"mcm","clk":"7643114838","pt":1538719799152,"mc":[{"id":"1.149090244","rc":[{"ltp":1.65,"id":9628840}]}]}
{"op":"mcm","clk":"7643182553","pt":1538720482919,"mc":[{"id":"1.149090244","rc":[{"ltp":1.66,"id":9628840}]}]}
{"op":"mcm","clk":"7643439907","pt":1538723088868,"mc":[{"id":"1.149090244","rc":[{"ltp":1.68,"id":9628840},{"ltp":2.46,"id":6145777}]}]}
{"op":"mcm","clk":"7643523519","pt":1538723829225,"mc":[{"id":"1.149090244","rc":[{"ltp":1.66,"id":9628840}]}]}
{"op":"mcm","clk":"7643554663","pt":1538724217838,"mc":[{"id":"1.149090244","rc":[{"ltp":1.65,"id":9628840}]}]}
{"op":"mcm","clk":"7643580921","pt":1538724638692,"mc":[{"id":"1.149090244","rc":[{"ltp":1.66,"id":9628840}]}]}
{"op":"mcm","clk":"7643613875","pt":1538724897705,"mc":[{"id":"1.149090244","rc":[{"ltp":1.65,"id":9628840}]}]}
{"op":"mcm","clk":"7643636864","pt":1538725219500,"mc":[{"id":"1.149090244","rc":[{"ltp":1.66,"id":9628840}]}]}
{"op":"mcm","clk":"7643640403","pt":1538725267118,"mc":[{"id":"1.149090244","rc":[{"ltp":1.67,"id":9628840}]}]}
{"op":"mcm","clk":"7643657581","pt":1538725499191,"mc":[{"id":"1.149090244","rc":[{"ltp":2.5,"id":6145777}]}]}
{"op":"mcm","clk":"7643689444","pt":1538725719642,"mc":[{"id":"1.149090244","rc":[{"ltp":2.48,"id":6145777}]}]}
{"op":"mcm","clk":"7643723898","pt":1538726219481,"mc":[{"id":"1.149090244","rc":[{"ltp":1.66,"id":9628840}]}]}
{"op":"mcm","clk":"7643744991","pt":1538726507430,"mc":[{"id":"1.149090244","rc":[{"ltp":1.65,"id":9628840}]}]}
{"op":"mcm","clk":"7643764136","pt":1538726558366,"mc":[{"id":"1.149090244","rc":[{"ltp":2.5,"id":6145777}]}]}
{"op":"mcm","clk":"7643775575","pt":1538726713443,"mc":[{"id":"1.149090244","rc":[{"ltp":1.66,"id":9628840}]}]}
{"op":"mcm","clk":"7643880387","pt":1538727896333,"mc":[{"id":"1.149090244","rc":[{"ltp":1.67,"id":9628840},{"ltp":2.48,"id":6145777}]}]}
{"op":"mcm","clk":"7643885732","pt":1538727956328,"mc":[{"id":"1.149090244","rc":[{"ltp":1.65,"id":9628840}]}]}
{"op":"mcm","clk":"7643953402","pt":1538728549323,"mc":[{"id":"1.149090244","rc":[{"ltp":2.5,"id":6145777}]}]}
{"op":"mcm","clk":"7643958285","pt":1538728606252,"mc":[{"id":"1.149090244","rc":[{"ltp":1.66,"id":9628840}]}]}
{"op":"mcm","clk":"7643989842","pt":1538728947723,"mc":[{"id":"1.149090244","rc":[{"ltp":1.67,"id":9628840}]}]}
{"op":"mcm","clk":"7643995535","pt":1538729019215,"mc":[{"id":"1.149090244","rc":[{"ltp":1.66,"id":9628840}]}]}
{"op":"mcm","clk":"7644042593","pt":1538729399969,"mc":[{"id":"1.149090244","rc":[{"ltp":1.64,"id":9628840},{"ltp":2.52,"id":6145777}]}]}
{"op":"mcm","clk":"7644045126","pt":1538729426669,"mc":[{"id":"1.149090244","rc":[{"ltp":1.65,"id":9628840}]}]}
{"op":"mcm","clk":"7644063356","pt":1538729639362,"mc":[{"id":"1.149090244","rc":[{"ltp":2.54,"id":6145777}]}]}
{"op":"mcm","clk":"7644079564","pt":1538729845563,"mc":[{"id":"1.149090244","rc":[{"ltp":1.64,"id":9628840}]}]}
{"op":"mcm","clk":"7644126237","pt":1538730224048,"mc":[{"id":"1.149090244","rc":[{"ltp":1.65,"id":9628840}]}]}
{"op":"mcm","clk":"7644136538","pt":1538730342368,"mc":[{"id":"1.149090244","rc":[{"ltp":2.52,"id":6145777}]}]}
{"op":"mcm","clk":"7644143346","pt":1538730415396,"mc":[{"id":"1.149090244","rc":[{"ltp":1.66,"id":9628840}]}]}
{"op":"mcm","clk":"7644149512","pt":1538730478728,"mc":[{"id":"1.149090244","rc":[{"ltp":1.68,"id":9628840},{"ltp":2.5,"id":6145777}]}]}
{"op":"mcm","clk":"7644155653","pt":1538730528431,"mc":[{"id":"1.149090244","rc":[{"ltp":2.48,"id":6145777}]}]}
{"op":"mcm","clk":"7644162105","pt":1538730599746,"mc":[{"id":"1.149090244","rc":[{"ltp":1.66,"id":9628840}]}]}
{"op":"mcm","clk":"7644164278","pt":1538730625721,"mc":[{"id":"1.149090244","rc":[{"ltp":1.68,"id":9628840}]}]}
{"op":"mcm","clk":"7644227471","pt":1538731140041,"mc":[{"id":"1.149090244","rc":[{"ltp":1.66,"id":9628840}]}]}
{"op":"mcm","clk":"7644232484","pt":1538731198065,"mc":[{"id":"1.149090244","rc":[{"ltp":1.67,"id":9628840}]}]}
{"op":"mcm","clk":"7644277865","pt":1538731668622,"mc":[{"id":"1.149090244","rc":[{"ltp":1.66,"id":9628840}]}]}
{"op":"mcm","clk":"7644286714","pt":1538731754804,"mc":[{"id":"1.149090244","rc":[{"ltp":1.67,"id":9628840}]}]}
{"op":"mcm","clk":"7644292825","pt":1538731823365,"mc":[{"id":"1.149090244","rc":[{"ltp":1.66,"id":9628840}]}]}
{"op":"mcm","clk":"7644351330","pt":1538732278442,"mc":[{"id":"1.149090244","rc":[{"ltp":1.67,"id":9628840},{"ltp":2.5,"id":6145777}]}]}
{"op":"mcm","clk":"7644385831","pt":1538732639804,"mc":[{"id":"1.149090244","rc":[{"ltp":2.48,"id":6145777}]}]}
{"op":"mcm","clk":"7644388436","pt":1538732664662,"mc":[{"id":"1.149090244","rc":[{"ltp":2.5,"id":6145777}]}]}
{"op":"mcm","clk":"7644395344","pt":1538732744096,"mc":[{"id":"1.149090244","rc":[{"ltp":1.66,"id":9628840}]}]}
{"op":"mcm","clk":"7644422965","pt":1538732867546,"mc":[{"id":"1.149090244","rc":[{"ltp":1.67,"id":9628840}]}]}
{"op":"mcm","clk":"7644441023","pt":1538733057863,"mc":[{"id":"1.149090244","rc":[{"ltp":1.66,"id":9628840}]}]}
{"op":"mcm","clk":"7644474477","pt":1538733419325,"mc":[{"id":"1.149090244","rc":[{"ltp":1.67,"id":9628840}]}]}
{"op":"mcm","clk":"7644478598","pt":1538733467268,"mc":[{"id":"1.149090244","rc":[{"ltp":1.66,"id":9628840}]}]}
{"op":"mcm","clk":"7644483906","pt":1538733539706,"mc":[{"id":"1.149090244","rc":[{"ltp":1.67,"id":9628840}]}]}
{"op":"mcm","clk":"7644488284","pt":1538733597982,"mc":[{"id":"1.149090244","rc":[{"ltp":2.48,"id":6145777}]}]}
{"op":"mcm","clk":"7644498092","pt":1538733712366,"mc":[{"id":"1.149090244","rc":[{"ltp":2.5,"id":6145777}]}]}
{"op":"mcm","clk":"7644573187","pt":1538734315426,"mc":[{"id":"1.149090244","rc":[{"ltp":1.65,"id":9628840}]}]}
{"op":"mcm","clk":"7644578566","pt":1538734370500,"mc":[{"id":"1.149090244","rc":[{"ltp":1.67,"id":9628840}]}]}
{"op":"mcm","clk":"7644593989","pt":1538734530967,"mc":[{"id":"1.149090244","rc":[{"ltp":1.66,"id":9628840}]}]}
{"op":"mcm","clk":"7644603180","pt":1538734619669,"mc":[{"id":"1.149090244","rc":[{"ltp":1.64,"id":9628840}]}]}
{"op":"mcm","clk":"7644625586","pt":1538734679886,"mc":[{"id":"1.149090244","rc":[{"ltp":1.66,"id":9628840}]}]}
{"op":"mcm","clk":"7644632015","pt":1538734738215,"mc":[{"id":"1.149090244","rc":[{"ltp":2.52,"id":6145777}]}]}
{"op":"mcm","clk":"7644644525","pt":1538734853327,"mc":[{"id":"1.149090244","rc":[{"ltp":1.65,"id":9628840},{"ltp":2.5,"id":6145777}]}]}
{"op":"mcm","clk":"7644649873","pt":1538734901382,"mc":[{"id":"1.149090244","rc":[{"ltp":1.66,"id":9628840}]}]}
{"op":"mcm","clk":"7644658509","pt":1538734977932,"mc":[{"id":"1.149090244","rc":[{"ltp":2.52,"id":6145777}]}]}
{"op":"mcm","clk":"7644662529","pt":1538735014682,"mc":[{"id":"1.149090244","rc":[{"ltp":1.65,"id":9628840}]}]}
{"op":"mcm","clk":"7644667282","pt":1538735062143,"mc":[{"id":"1.149090244","rc":[{"ltp":2.5,"id":6145777}]}]}
{"op":"mcm","clk":"7644689445","pt":1538735255613,"mc":[{"id":"1.149090244","rc":[{"ltp":2.52,"id":6145777}]}]}
{"op":"mcm","clk":"7644697451","pt":1538735339111,"mc":[{"id":"1.149090244","rc":[{"ltp":1.66,"id":9628840},{"ltp":2.5,"id":6145777}]}]}
{"op":"mcm","clk":"7644707442","pt":1538735431996,"mc":[{"id":"1.149090244","rc":[{"ltp":2.52,"id":6145777}]}]}
{"op":"mcm","clk":"7644716432","pt":1538735519914,"mc":[{"id":"1.149090244","rc":[{"ltp":1.65,"id":9628840}]}]}
{"op":"mcm","clk":"7644738669","pt":1538735580016,"mc":[{"id":"1.149090244","rc":[{"ltp":1.66,"id":9628840}]}]}
{"op":"mcm","clk":"7644745715","pt":1538735637359,"mc":[{"id":"1.149090244","rc":[{"ltp":1.65,"id":9628840}]}]}
{"op":"mcm","clk":"7644775561","pt":1538735866576,"mc":[{"id":"1.149090244","rc":[{"ltp":1.66,"id":9628840}]}]}
{"op":"mcm","clk":"7644811385","pt":1538736177880,"mc":[{"id":"1.149090244","rc":[{"ltp":1.65,"id":9628840},{"ltp":2.54,"id":6145777}]}]}
{"op":"mcm","clk":"7644816862","pt":1538736239962,"mc":[{"id":"1.149090244","rc":[{"ltp":1.64,"id":9628840},{"ltp":2.56,"id":6145777}]}]}
{"op":"mcm","clk":"7644869103","pt":1538736612472,"mc":[{"id":"1.149090244","rc":[{"ltp":2.54,"id":6145777}]}]}
{"op":"mcm","clk":"7644881137","pt":1538736721031,"mc":[{"id":"1.149090244","rc":[{"ltp":1.65,"id":9628840}]}]}
{"op":"mcm","clk":"7644910519","pt":1538737019950,"mc":[{"id":"1.149090244","rc":[{"ltp":1.66,"id":9628840},{"ltp":2.52,"id":6145777}]}]}
{"op":"mcm","clk":"7644917401","pt":1538737075704,"mc":[{"id":"1.149090244","rc":[{"ltp":2.5,"id":6145777}]}]}
{"op":"mcm","clk":"7644924929","pt":1538737139895,"mc":[{"id":"1.149090244","rc":[{"ltp":1.67,"id":9628840}]}]}
{"op":"mcm","clk":"7644940684","pt":1538737290794,"mc":[{"id":"1.149090244","rc":[{"ltp":2.48,"id":6145777}]}]}
{"op":"mcm","clk":"7644988258","pt":1538737564379,"mc":[{"id":"1.149090244","rc":[{"ltp":1.66,"id":9628840}]}]}
{"op":"mcm","clk":"7645010045","pt":1538737739743,"mc":[{"id":"1.149090244","rc":[{"ltp":1.67,"id":9628840}]}]}
{"op":"mcm","clk":"7645016949","pt":1538737794085,"mc":[{"id":"1.149090244","rc":[{"ltp":2.5,"id":6145777}]}]}
{"op":"mcm","clk":"7645032357","pt":1538737916429,"mc":[{"id":"1.149090244","rc":[{"ltp":1.66,"id":9628840}]}]}
{"op":"mcm","clk":"7645115283","pt":1538738459867,"mc":[{"id":"1.149090244","rc":[{"ltp":2.52,"id":6145777}]}]}
{"op":"mcm","clk":"7645121431","pt":1538738516304,"mc":[{"id":"1.149090244","rc":[{"ltp":2.5,"id":6145777}]}]}
{"op":"mcm","clk":"7645244429","pt":1538739416130,"mc":[{"id":"1.149090244","rc":[{"ltp":1.67,"id":9628840}]}]}
{"op":"mcm","clk":"7645345312","pt":1538740179495,"mc":[{"id":"1.149090244","rc":[{"ltp":2.48,"id":6145777}]}]}
{"op":"mcm","clk":"7645361224","pt":1538740319460,"mc":[{"id":"1.149090244","rc":[{"ltp":2.52,"id":6145777}]}]}
{"op":"mcm","clk":"7645381311","pt":1538740497648,"mc":[{"id":"1.149090244","rc":[{"ltp":1.66,"id":9628840}]}]}
{"op":"mcm","clk":"7645387922","pt":1538740559827,"mc":[{"id":"1.149090244","rc":[{"ltp":1.67,"id":9628840},{"ltp":2.48,"id":6145777}]}]}
{"op":"mcm","clk":"7645395397","pt":1538740616046,"mc":[{"id":"1.149090244","rc":[{"ltp":1.68,"id":9628840},{"ltp":2.46,"id":6145777}]}]}
{"op":"mcm","clk":"7645401589","pt":1538740665304,"mc":[{"id":"1.149090244","rc":[{"ltp":2.48,"id":6145777}]}]}
{"op":"mcm","clk":"7645423450","pt":1538740848701,"mc":[{"id":"1.149090244","rc":[{"ltp":1.67,"id":9628840}]}]}
{"op":"mcm","clk":"7645453657","pt":1538740974419,"mc":[{"id":"1.149090244","rc":[{"ltp":1.68,"id":9628840}]}]}
{"op":"mcm","clk":"7645460103","pt":1538741030219,"mc":[{"id":"1.149090244","rc":[{"ltp":1.67,"id":9628840},{"ltp":2.5,"id":6145777}]}]}
{"op":"mcm","clk":"7645465789","pt":1538741079063,"mc":[{"id":"1.149090244","rc":[{"ltp":2.48,"id":6145777}]}]}
{"op":"mcm","clk":"7645474357","pt":1538741153898,"mc":[{"id":"1.149090244","rc":[{"ltp":1.68,"id":9628840}]}]}
{"op":"mcm","clk":"7645492607","pt":1538741307942,"mc":[{"id":"1.149090244","rc":[{"ltp":1.67,"id":9628840}]}]}
{"op":"mcm","clk":"7645516275","pt":1538741512191,"mc":[{"id":"1.149090244","rc":[{"ltp":1.68,"id":9628840}]}]}
{"op":"mcm","clk":"7645524843","pt":1538741578354,"mc":[{"id":"1.149090244","rc":[{"ltp":1.67,"id":9628840}]}]}
{"op":"mcm","clk":"7645532704","pt":1538741635395,"mc":[{"id":"1.149090244","rc":[{"ltp":1.68,"id":9628840}]}]}
{"op":"mcm","clk":"7645589780","pt":1538741933107,"mc":[{"id":"1.149090244","rc":[{"ltp":1.67,"id":9628840}]}]}
{"op":"mcm","clk":"7645597464","pt":1538741998530,"mc":[{"id":"1.149090244","rc":[{"ltp":2.5,"id":6145777}]}]}
{"op":"mcm","clk":"7645604981","pt":1538742057613,"mc":[{"id":"1.149090244","rc":[{"ltp":1.68,"id":9628840},{"ltp":2.48,"id":6145777}]}]}
{"op":"mcm","clk":"7645612110","pt":1538742114511,"mc":[{"id":"1.149090244","rc":[{"ltp":1.67,"id":9628840}]}]}
{"op":"mcm","clk":"7645627351","pt":1538742240036,"mc":[{"id":"1.149090244","rc":[{"ltp":2.5,"id":6145777}]}]}
{"op":"mcm","clk":"7645633933","pt":1538742297023,"mc":[{"id":"1.149090244","rc":[{"ltp":2.48,"id":6145777}]}]}
{"op":"mcm","clk":"7645649398","pt":1538742419018,"mc":[{"id":"1.149090244","rc":[{"ltp":1.66,"id":9628840},{"ltp":2.5,"id":6145777}]}]}
{"op":"mcm","clk":"7645656968","pt":1538742478834,"mc":[{"id":"1.149090244","rc":[{"ltp":1.67,"id":9628840}]}]}
{"op":"mcm","clk":"7645668469","pt":1538742574773,"mc":[{"id":"1.149090244","rc":[{"ltp":1.66,"id":9628840}]}]}
{"op":"mcm","clk":"7645677497","pt":1538742651544,"mc":[{"id":"1.149090244","rc":[{"ltp":1.67,"id":9628840}]}]}
{"op":"mcm","clk":"7645685161","pt":1538742714225,"mc":[{"id":"1.149090244","rc":[{"ltp":2.48,"id":6145777}]}]}
{"op":"mcm","clk":"7645708043","pt":1538742777370,"mc":[{"id":"1.149090244","rc":[{"ltp":1.66,"id":9628840}]}]}
{"op":"mcm","clk":"7645715408","pt":1538742839012,"mc":[{"id":"1.149090244","rc":[{"ltp":2.5,"id":6145777}]}]}
{"op":"mcm","clk":"7645721121","pt":1538742883504,"mc":[{"id":"1.149090244","rc":[{"ltp":1.67,"id":9628840}]}]}
{"op":"mcm","clk":"7645736047","pt":1538743010976,"mc":[{"id":"1.149090244","rc":[{"ltp":1.66,"id":9628840}]}]}
{"op":"mcm","clk":"7645757837","pt":1538743195461,"mc":[{"id":"1.149090244","rc":[{"ltp":1.67,"id":9628840}]}]}
{"op":"mcm","clk":"7645764234","pt":1538743259843,"mc":[{"id":"1.149090244","rc":[{"ltp":2.52,"id":6145777}]}]}
{"op":"mcm","clk":"7645770303","pt":1538743319330,"mc":[{"id":"1.149090244","rc":[{"ltp":2.48,"id":6145777}]}]}
{"op":"mcm","clk":"7645777031","pt":1538743379018,"mc":[{"id":"1.149090244","rc":[{"ltp":1.66,"id":9628840},{"ltp":2.5,"id":6145777}]}]}
{"op":"mcm","clk":"7645784249","pt":1538743439121,"mc":[{"id":"1.149090244","rc":[{"ltp":1.7,"id":9628840},{"ltp":2.46,"id":6145777}]}]}
{"op":"mcm","clk":"7645791337","pt":1538743500066,"mc":[{"id":"1.149090244","rc":[{"ltp":1.69,"id":9628840},{"ltp":2.42,"id":6145777}]}]}
{"op":"mcm","clk":"7645805791","pt":1538743619321,"mc":[{"id":"1.149090244","rc":[{"ltp":1.68,"id":9628840}]}]}
{"op":"mcm","clk":"7645828088","pt":1538743677392,"mc":[{"id":"1.149090244","rc":[{"ltp":2.44,"id":6145777}]}]}
{"op":"mcm","clk":"7645839691","pt":1538743790964,"mc":[{"id":"1.149090244","rc":[{"ltp":1.69,"id":9628840},{"ltp":2.46,"id":6145777}]}]}
{"op":"mcm","clk":"7645846194","pt":1538743857916,"mc":[{"id":"1.149090244","rc":[{"ltp":2.44,"id":6145777}]}]}
{"op":"mcm","clk":"7645852164","pt":1538743919195,"mc":[{"id":"1.149090244","rc":[{"ltp":1.68,"id":9628840}]}]}
{"op":"mcm","clk":"7645859013","pt":1538743978800,"mc":[{"id":"1.149090244","rc":[{"ltp":1.69,"id":9628840},{"ltp":2.46,"id":6145777}]}]}
{"op":"mcm","clk":"7645865541","pt":1538744037788,"mc":[{"id":"1.149090244","rc":[{"ltp":1.68,"id":9628840},{"ltp":2.44,"id":6145777}]}]}
{"op":"mcm","clk":"7645872839","pt":1538744099659,"mc":[{"id":"1.149090244","rc":[{"ltp":1.69,"id":9628840}]}]}
{"op":"mcm","clk":"7645879441","pt":1538744159451,"mc":[{"id":"1.149090244","rc":[{"ltp":1.68,"id":9628840},{"ltp":2.46,"id":6145777}]}]}
{"op":"mcm","clk":"7645886156","pt":1538744219956,"mc":[{"id":"1.149090244","rc":[{"ltp":1.67,"id":9628840}]}]}
{"op":"mcm","clk":"7645892710","pt":1538744279846,"mc":[{"id":"1.149090244","rc":[{"ltp":1.68,"id":9628840}]}]}
{"op":"mcm","clk":"7645899927","pt":1538744340045,"mc":[{"id":"1.149090244","rc":[{"ltp":1.67,"id":9628840},{"ltp":2.48,"id":6145777}]}]}
{"op":"mcm","clk":"7645906878","pt":1538744397699,"mc":[{"id":"1.149090244","marketDefinition":{"bspMarket":false,"turnInPlayEnabled":true,"persistenceEnabled":true,"marketBaseRate":5.0,"eventId":"28938732","eventTypeId":"2","numberOfWinners":1,"bettingType":"ODDS","marketType":"MATCH_ODDS","marketTime":"2018-10-05T13:15:00.000Z","suspendTime":"2018-10-05T13:15:00.000Z","bspReconciled":false,"complete":true,"inPlay":false,"crossMatching":true,"runnersVoidable":false,"numberOfActiveRunners":2,"betDelay":0,"status":"OPEN","runners":[{"status":"ACTIVE","sortPriority":1,"id":6145777,"name":"Qiang Wang"},{"status":"ACTIVE","sortPriority":2,"id":9628840,"name":"Aryna Sabalenka"}],"regulators":["MR_INT"],"countryCode":"CN","discountAllowed":true,"timezone":"UTC","openDate":"2018-10-05T13:15:00.000Z","version":2437880489,"name":"Match Odds","eventName":"Q Wang v Sabalenka"},"rc":[{"ltp":2.46,"id":6145777}]}]}
{"op":"mcm","clk":"7645945077","pt":1538744579893,"mc":[{"id":"1.149090244","rc":[{"ltp":2.48,"id":6145777}]}]}
{"op":"mcm","clk":"7645952165","pt":1538744638217,"mc":[{"id":"1.149090244","rc":[{"ltp":1.68,"id":9628840},{"ltp":2.46,"id":6145777}]}]}
{"op":"mcm","clk":"7645959662","pt":1538744699329,"mc":[{"id":"1.149090244","rc":[{"ltp":1.67,"id":9628840}]}]}
{"op":"mcm","clk":"7645967659","pt":1538744757463,"mc":[{"id":"1.149090244","rc":[{"ltp":2.48,"id":6145777}]}]}
{"op":"mcm","clk":"7645981881","pt":1538744879858,"mc":[{"id":"1.149090244","rc":[{"ltp":1.66,"id":9628840},{"ltp":2.5,"id":6145777}]}]}
{"op":"mcm","clk":"7645989356","pt":1538744939734,"mc":[{"id":"1.149090244","rc":[{"ltp":1.67,"id":9628840},{"ltp":2.48,"id":6145777}]}]}
{"op":"mcm","clk":"7645999170","pt":1538744999918,"mc":[{"id":"1.149090244","marketDefinition":{"bspMarket":false,"turnInPlayEnabled":true,"persistenceEnabled":true,"marketBaseRate":5.0,"eventId":"28938732","eventTypeId":"2","numberOfWinners":1,"bettingType":"ODDS","marketType":"MATCH_ODDS","marketTime":"2018-10-05T13:05:00.000Z","suspendTime":"2018-10-05T13:05:00.000Z","bspReconciled":false,"complete":true,"inPlay":false,"crossMatching":true,"runnersVoidable":false,"numberOfActiveRunners":2,"betDelay":0,"status":"OPEN","runners":[{"status":"ACTIVE","sortPriority":1,"id":6145777,"name":"Qiang Wang"},{"status":"ACTIVE","sortPriority":2,"id":9628840,"name":"Aryna Sabalenka"}],"regulators":["MR_INT"],"countryCode":"CN","discountAllowed":true,"timezone":"UTC","openDate":"2018-10-05T13:05:00.000Z","version":2437910211,"name":"Match Odds","eventName":"Q Wang v Sabalenka"},"rc":[{"ltp":2.5,"id":6145777}]}]}
{"op":"mcm","clk":"7646014641","pt":1538745117221,"mc":[{"id":"1.149090244","rc":[{"ltp":2.48,"id":6145777}]}]}
{"op":"mcm","clk":"7646021331","pt":1538745179368,"mc":[{"id":"1.149090244","rc":[{"ltp":2.5,"id":6145777}]}]}
{"op":"mcm","clk":"7646029952","pt":1538745238935,"mc":[{"id":"1.149090244","rc":[{"ltp":2.48,"id":6145777}]}]}
{"op":"mcm","clk":"7646045532","pt":1538745353943,"mc":[{"id":"1.149090244","rc":[{"ltp":1.68,"id":9628840}]}]}
{"op":"mcm","clk":"7646052701","pt":1538745420030,"mc":[{"id":"1.149090244","rc":[{"ltp":1.67,"id":9628840}]}]}
{"op":"mcm","clk":"7646075929","pt":1538745480061,"mc":[{"id":"1.149090244","rc":[{"ltp":1.68,"id":9628840},{"ltp":2.46,"id":6145777}]}]}
{"op":"mcm","clk":"7646082792","pt":1538745539364,"mc":[{"id":"1.149090244","rc":[{"ltp":1.69,"id":9628840}]}]}
{"op":"mcm","clk":"7646090214","pt":1538745599629,"mc":[{"id":"1.149090244","marketDefinition":{"bspMarket":false,"turnInPlayEnabled":true,"persistenceEnabled":true,"marketBaseRate":5.0,"eventId":"28938732","eventTypeId":"2","numberOfWinners":1,"bettingType":"ODDS","marketType":"MATCH_ODDS","marketTime":"2018-10-05T13:05:00.000Z","suspendTime":"2018-10-05T13:05:00.000Z","bspReconciled":false,"complete":true,"inPlay":true,"crossMatching":true,"runnersVoidable":false,"numberOfActiveRunners":2,"betDelay":5,"status":"OPEN","runners":[{"status":"ACTIVE","sortPriority":1,"id":6145777,"name":"Qiang Wang"},{"status":"ACTIVE","sortPriority":2,"id":9628840,"name":"Aryna Sabalenka"}],"regulators":["MR_INT"],"countryCode":"CN","discountAllowed":true,"timezone":"UTC","openDate":"2018-10-05T13:05:00.000Z","version":2437927639,"name":"Match Odds","eventName":"Q Wang v Sabalenka"},"rc":[{"ltp":1.7,"id":9628840},{"ltp":2.44,"id":6145777}]}]}
{"op":"mcm","clk":"7646098185","pt":1538745659898,"mc":[{"id":"1.149090244","rc":[{"ltp":1.71,"id":9628840},{"ltp":2.42,"id":6145777}]}]}
{"op":"mcm","clk":"7646105826","pt":1538745719465,"mc":[{"id":"1.149090244","rc":[{"ltp":1.61,"id":9628840},{"ltp":2.6,"id":6145777}]}]}
{"op":"mcm","clk":"7646114128","pt":1538745779751,"mc":[{"id":"1.149090244","rc":[{"ltp":1.6,"id":9628840}]}]}
{"op":"mcm","clk":"7646121295","pt":1538745839824,"mc":[{"id":"1.149090244","rc":[{"ltp":1.57,"id":9628840},{"ltp":2.76,"id":6145777}]}]}
{"op":"mcm","clk":"7646128599","pt":1538745900052,"mc":[{"id":"1.149090244","rc":[{"ltp":1.41,"id":9628840},{"ltp":3.5,"id":6145777}]}]}
{"op":"mcm","clk":"7646135426","pt":1538745959979,"mc":[{"id":"1.149090244","rc":[{"ltp":1.36,"id":9628840},{"ltp":3.75,"id":6145777}]}]}
{"op":"mcm","clk":"7646143037","pt":1538746019930,"mc":[{"id":"1.149090244","rc":[{"ltp":1.33,"id":9628840},{"ltp":4.0,"id":6145777}]}]}
{"op":"mcm","clk":"7646150509","pt":1538746080006,"mc":[{"id":"1.149090244","rc":[{"ltp":1.26,"id":9628840},{"ltp":4.8,"id":6145777}]}]}
{"op":"mcm","clk":"7646166055","pt":1538746200014,"mc":[{"id":"1.149090244","rc":[{"ltp":4.7,"id":6145777}]}]}
{"op":"mcm","clk":"7646173489","pt":1538746260005,"mc":[{"id":"1.149090244","rc":[{"ltp":1.29,"id":9628840},{"ltp":4.5,"id":6145777}]}]}
{"op":"mcm","clk":"7646180657","pt":1538746320020,"mc":[{"id":"1.149090244","rc":[{"ltp":1.3,"id":9628840},{"ltp":4.6,"id":6145777}]}]}
{"op":"mcm","clk":"7646203900","pt":1538746380020,"mc":[{"id":"1.149090244","rc":[{"ltp":1.31,"id":9628840},{"ltp":4.4,"id":6145777}]}]}
{"op":"mcm","clk":"7646210975","pt":1538746439975,"mc":[{"id":"1.149090244","rc":[{"ltp":1.32,"id":9628840},{"ltp":4.1,"id":6145777}]}]}
{"op":"mcm","clk":"7646217602","pt":1538746499827,"mc":[{"id":"1.149090244","rc":[{"ltp":1.42,"id":9628840},{"ltp":3.3,"id":6145777}]}]}
{"op":"mcm","clk":"7646223867","pt":1538746560066,"mc":[{"id":"1.149090244","rc":[{"ltp":1.57,"id":9628840},{"ltp":2.8,"id":6145777}]}]}
{"op":"mcm","clk":"7646230249","pt":1538746619891,"mc":[{"id":"1.149090244","rc":[{"ltp":2.74,"id":6145777}]}]}
{"op":"mcm","clk":"7646236752","pt":1538746679913,"mc":[{"id":"1.149090244","rc":[{"ltp":1.64,"id":9628840},{"ltp":2.56,"id":6145777}]}]}
{"op":"mcm","clk":"7646243381","pt":1538746740064,"mc":[{"id":"1.149090244","rc":[{"ltp":1.55,"id":9628840},{"ltp":2.74,"id":6145777}]}]}
{"op":"mcm","clk":"7646250544","pt":1538746799979,"mc":[{"id":"1.149090244","rc":[{"ltp":1.56,"id":9628840}]}]}
{"op":"mcm","clk":"7646257192","pt":1538746860033,"mc":[{"id":"1.149090244","rc":[{"ltp":1.58,"id":9628840},{"ltp":2.72,"id":6145777}]}]}
{"op":"mcm","clk":"7646263700","pt":1538746920051,"mc":[{"id":"1.149090244","rc":[{"ltp":1.57,"id":9628840},{"ltp":2.76,"id":6145777}]}]}
{"op":"mcm","clk":"7646270674","pt":1538746980052,"mc":[{"id":"1.149090244","rc":[{"ltp":1.43,"id":9628840},{"ltp":3.15,"id":6145777}]}]}
{"op":"mcm","clk":"7646276798","pt":1538747040026,"mc":[{"id":"1.149090244","rc":[{"ltp":1.41,"id":9628840},{"ltp":3.55,"id":6145777}]}]}
{"op":"mcm","clk":"7646282744","pt":1538747099897,"mc":[{"id":"1.149090244","rc":[{"ltp":1.44,"id":9628840},{"ltp":3.2,"id":6145777}]}]}
{"op":"mcm","clk":"7646289032","pt":1538747160057,"mc":[{"id":"1.149090244","rc":[{"ltp":1.55,"id":9628840},{"ltp":2.82,"id":6145777}]}]}
{"op":"mcm","clk":"7646294974","pt":1538747220035,"mc":[{"id":"1.149090244","rc":[{"ltp":1.61,"id":9628840},{"ltp":2.62,"id":6145777}]}]}
{"op":"mcm","clk":"7646317597","pt":1538747280014,"mc":[{"id":"1.149090244","rc":[{"ltp":1.63,"id":9628840},{"ltp":2.56,"id":6145777}]}]}
{"op":"mcm","clk":"7646323578","pt":1538747339997,"mc":[{"id":"1.149090244","rc":[{"ltp":1.68,"id":9628840},{"ltp":2.4,"id":6145777}]}]}
{"op":"mcm","clk":"7646329443","pt":1538747399961,"mc":[{"id":"1.149090244","rc":[{"ltp":1.61,"id":9628840},{"ltp":2.66,"id":6145777}]}]}
{"op":"mcm","clk":"7646335791","pt":1538747459898,"mc":[{"id":"1.149090244","rc":[{"ltp":1.78,"id":9628840},{"ltp":2.24,"id":6145777}]}]}
{"op":"mcm","clk":"7646342211","pt":1538747520072,"mc":[{"id":"1.149090244","rc":[{"ltp":1.85,"id":9628840},{"ltp":2.18,"id":6145777}]}]}
{"op":"mcm","clk":"7646348482","pt":1538747579952,"mc":[{"id":"1.149090244","rc":[{"ltp":1.72,"id":9628840},{"ltp":2.4,"id":6145777}]}]}
{"op":"mcm","clk":"7646354434","pt":1538747640016,"mc":[{"id":"1.149090244","rc":[{"ltp":1.57,"id":9628840},{"ltp":2.76,"id":6145777}]}]}
{"op":"mcm","clk":"7646360530","pt":1538747699939,"mc":[{"id":"1.149090244","rc":[{"ltp":1.51,"id":9628840},{"ltp":2.94,"id":6145777}]}]}
{"op":"mcm","clk":"7646366399","pt":1538747759909,"mc":[{"id":"1.149090244","rc":[{"ltp":1.54,"id":9628840},{"ltp":2.86,"id":6145777}]}]}
{"op":"mcm","clk":"7646372615","pt":1538747820022,"mc":[{"id":"1.149090244","rc":[{"ltp":1.53,"id":9628840},{"ltp":2.96,"id":6145777}]}]}
{"op":"mcm","clk":"7646379329","pt":1538747880055,"mc":[{"id":"1.149090244","rc":[{"ltp":1.82,"id":9628840},{"ltp":2.3,"id":6145777}]}]}
{"op":"mcm","clk":"7646385809","pt":1538747940030,"mc":[{"id":"1.149090244","rc":[{"ltp":2.04,"id":9628840},{"ltp":1.96,"id":6145777}]}]}
{"op":"mcm","clk":"7646392726","pt":1538748000039,"mc":[{"id":"1.149090244","rc":[{"ltp":2.6,"id":9628840},{"ltp":1.63,"id":6145777}]}]}
{"op":"mcm","clk":"7646400978","pt":1538748060011,"mc":[{"id":"1.149090244","rc":[{"ltp":2.72,"id":9628840},{"ltp":1.57,"id":6145777}]}]}
{"op":"mcm","clk":"7646408848","pt":1538748119621,"mc":[{"id":"1.149090244","rc":[{"ltp":2.68,"id":9628840},{"ltp":1.59,"id":6145777}]}]}
{"op":"mcm","clk":"7646433165","pt":1538748180012,"mc":[{"id":"1.149090244","rc":[{"ltp":2.7,"id":9628840},{"ltp":1.58,"id":6145777}]}]}
{"op":"mcm","clk":"7646440790","pt":1538748239888,"mc":[{"id":"1.149090244","rc":[{"ltp":3.0,"id":9628840},{"ltp":1.51,"id":6145777}]}]}
{"op":"mcm","clk":"7646447775","pt":1538748300037,"mc":[{"id":"1.149090244","rc":[{"ltp":3.4,"id":9628840},{"ltp":1.4,"id":6145777}]}]}
{"op":"mcm","clk":"7646454625","pt":1538748359892,"mc":[{"id":"1.149090244","rc":[{"ltp":3.35,"id":9628840},{"ltp":1.44,"id":6145777}]}]}
{"op":"mcm","clk":"7646461370","pt":1538748420028,"mc":[{"id":"1.149090244","rc":[{"ltp":3.65,"id":9628840},{"ltp":1.38,"id":6145777}]}]}
{"op":"mcm","clk":"7646476119","pt":1538748539889,"mc":[{"id":"1.149090244","rc":[{"ltp":3.7,"id":9628840}]}]}
{"op":"mcm","clk":"7646491126","pt":1538748660030,"mc":[{"id":"1.149090244","rc":[{"ltp":3.35,"id":9628840},{"ltp":1.42,"id":6145777}]}]}
{"op":"mcm","clk":"7646498184","pt":1538748720012,"mc":[{"id":"1.149090244","rc":[{"ltp":3.45,"id":9628840}]}]}
{"op":"mcm","clk":"7646505292","pt":1538748780060,"mc":[{"id":"1.149090244","rc":[{"ltp":3.0,"id":9628840},{"ltp":1.5,"id":6145777}]}]}
{"op":"mcm","clk":"7646512139","pt":1538748840071,"mc":[{"id":"1.149090244","rc":[{"ltp":2.9,"id":9628840},{"ltp":1.51,"id":6145777}]}]}
{"op":"mcm","clk":"7646521345","pt":1538748900028,"mc":[{"id":"1.149090244","rc":[{"ltp":3.4,"id":9628840},{"ltp":1.41,"id":6145777}]}]}
{"op":"mcm","clk":"7646530774","pt":1538748960043,"mc":[{"id":"1.149090244","rc":[{"ltp":3.7,"id":9628840},{"ltp":1.38,"id":6145777}]}]}
{"op":"mcm","clk":"7646537096","pt":1538749020072,"mc":[{"id":"1.149090244","rc":[{"ltp":3.35,"id":9628840},{"ltp":1.43,"id":6145777}]}]}
{"op":"mcm","clk":"7646560201","pt":1538749079976,"mc":[{"id":"1.149090244","rc":[{"ltp":3.45,"id":9628840},{"ltp":1.41,"id":6145777}]}]}
{"op":"mcm","clk":"7646566399","pt":1538749139981,"mc":[{"id":"1.149090244","rc":[{"ltp":3.05,"id":9628840},{"ltp":1.48,"id":6145777}]}]}
{"op":"mcm","clk":"7646572431","pt":1538749199621,"mc":[{"id":"1.149090244","rc":[{"ltp":3.0,"id":9628840},{"ltp":1.49,"id":6145777}]}]}
{"op":"mcm","clk":"7646578618","pt":1538749259939,"mc":[{"id":"1.149090244","rc":[{"ltp":3.3,"id":9628840},{"ltp":1.43,"id":6145777}]}]}
{"op":"mcm","clk":"7646584375","pt":1538749320016,"mc":[{"id":"1.149090244","rc":[{"ltp":1.45,"id":6145777}]}]}
{"op":"mcm","clk":"7646590235","pt":1538749379892,"mc":[{"id":"1.149090244","rc":[{"ltp":3.55,"id":9628840},{"ltp":1.43,"id":6145777}]}]}
{"op":"mcm","clk":"7646596008","pt":1538749440039,"mc":[{"id":"1.149090244","rc":[{"ltp":2.9,"id":9628840},{"ltp":1.53,"id":6145777}]}]}
{"op":"mcm","clk":"7646601917","pt":1538749500015,"mc":[{"id":"1.149090244","rc":[{"ltp":3.6,"id":9628840},{"ltp":1.39,"id":6145777}]}]}
{"op":"mcm","clk":"7646608065","pt":1538749560004,"mc":[{"id":"1.149090244","rc":[{"ltp":3.15,"id":9628840},{"ltp":1.46,"id":6145777}]}]}
{"op":"mcm","clk":"7646614669","pt":1538749619992,"mc":[{"id":"1.149090244","rc":[{"ltp":2.86,"id":9628840},{"ltp":1.54,"id":6145777}]}]}
{"op":"mcm","clk":"7646620258","pt":1538749679805,"mc":[{"id":"1.149090244","rc":[{"ltp":2.78,"id":9628840},{"ltp":1.55,"id":6145777}]}]}
{"op":"mcm","clk":"7646625594","pt":1538749740001,"mc":[{"id":"1.149090244","rc":[{"ltp":2.8,"id":9628840}]}]}
{"op":"mcm","clk":"7646631432","pt":1538749800038,"mc":[{"id":"1.149090244","rc":[{"ltp":3.0,"id":9628840},{"ltp":1.49,"id":6145777}]}]}
{"op":"mcm","clk":"7646637441","pt":1538749860014,"mc":[{"id":"1.149090244","rc":[{"ltp":3.3,"id":9628840},{"ltp":1.44,"id":6145777}]}]}
{"op":"mcm","clk":"7646644599","pt":1538749920064,"mc":[{"id":"1.149090244","rc":[{"ltp":2.7,"id":9628840},{"ltp":1.58,"id":6145777}]}]}
{"op":"mcm","clk":"7646668892","pt":1538749979968,"mc":[{"id":"1.149090244","rc":[{"ltp":3.35,"id":9628840},{"ltp":1.43,"id":6145777}]}]}
{"op":"mcm","clk":"7646676510","pt":1538750040067,"mc":[{"id":"1.149090244","rc":[{"ltp":3.15,"id":9628840},{"ltp":1.46,"id":6145777}]}]}
{"op":"mcm","clk":"7646683580","pt":1538750100050,"mc":[{"id":"1.149090244","rc":[{"ltp":3.1,"id":9628840}]}]}
{"op":"mcm","clk":"7646690830","pt":1538750159940,"mc":[{"id":"1.149090244","rc":[{"ltp":3.15,"id":9628840},{"ltp":1.47,"id":6145777}]}]}
{"op":"mcm","clk":"7646697787","pt":1538750220039,"mc":[{"id":"1.149090244","rc":[{"ltp":4.8,"id":9628840},{"ltp":1.26,"id":6145777}]}]}
{"op":"mcm","clk":"7646704407","pt":1538750280015,"mc":[{"id":"1.149090244","rc":[{"ltp":3.2,"id":9628840},{"ltp":1.45,"id":6145777}]}]}
{"op":"mcm","clk":"7646711220","pt":1538750340034,"mc":[{"id":"1.149090244","rc":[{"ltp":2.78,"id":9628840},{"ltp":1.56,"id":6145777}]}]}
{"op":"mcm","clk":"7646717829","pt":1538750398984,"mc":[{"id":"1.149090244","rc":[{"ltp":2.74,"id":9628840},{"ltp":1.57,"id":6145777}]}]}
{"op":"mcm","clk":"7646724774","pt":1538750459900,"mc":[{"id":"1.149090244","rc":[{"ltp":3.1,"id":9628840},{"ltp":1.58,"id":6145777}]}]}
{"op":"mcm","clk":"7646733787","pt":1538750520046,"mc":[{"id":"1.149090244","rc":[{"ltp":2.66,"id":9628840},{"ltp":1.59,"id":6145777}]}]}
{"op":"mcm","clk":"7646741101","pt":1538750579482,"mc":[{"id":"1.149090244","rc":[{"ltp":2.96,"id":9628840},{"ltp":1.5,"id":6145777}]}]}
{"op":"mcm","clk":"7646748679","pt":1538750640003,"mc":[{"id":"1.149090244","rc":[{"ltp":2.28,"id":9628840},{"ltp":1.79,"id":6145777}]}]}
{"op":"mcm","clk":"7646756477","pt":1538750700008,"mc":[{"id":"1.149090244","rc":[{"ltp":3.0,"id":9628840},{"ltp":1.44,"id":6145777}]}]}
{"op":"mcm","clk":"7646764287","pt":1538750759996,"mc":[{"id":"1.149090244","rc":[{"ltp":2.76,"id":9628840},{"ltp":1.56,"id":6145777}]}]}
{"op":"mcm","clk":"7646771699","pt":1538750819982,"mc":[{"id":"1.149090244","rc":[{"ltp":2.56,"id":9628840},{"ltp":1.64,"id":6145777}]}]}
{"op":"mcm","clk":"7646795378","pt":1538750880002,"mc":[{"id":"1.149090244","rc":[{"ltp":2.48,"id":9628840},{"ltp":1.68,"id":6145777}]}]}
{"op":"mcm","clk":"7646801797","pt":1538750939852,"mc":[{"id":"1.149090244","rc":[{"ltp":1.66,"id":6145777}]}]}
{"op":"mcm","clk":"7646808317","pt":1538750999896,"mc":[{"id":"1.149090244","rc":[{"ltp":2.44,"id":9628840},{"ltp":1.69,"id":6145777}]}]}
{"op":"mcm","clk":"7646815088","pt":1538751059328,"mc":[{"id":"1.149090244","rc":[{"ltp":2.46,"id":9628840}]}]}
{"op":"mcm","clk":"7646821618","pt":1538751119783,"mc":[{"id":"1.149090244","rc":[{"ltp":1.7,"id":6145777}]}]}
{"op":"mcm","clk":"7646827527","pt":1538751179963,"mc":[{"id":"1.149090244","rc":[{"ltp":2.44,"id":9628840},{"ltp":1.68,"id":6145777}]}]}
{"op":"mcm","clk":"7646836359","pt":1538751239976,"mc":[{"id":"1.149090244","rc":[{"ltp":3.25,"id":9628840},{"ltp":1.44,"id":6145777}]}]}
{"op":"mcm","clk":"7646843371","pt":1538751299964,"mc":[{"id":"1.149090244","rc":[{"ltp":3.0,"id":9628840},{"ltp":1.49,"id":6145777}]}]}
{"op":"mcm","clk":"7646850466","pt":1538751360066,"mc":[{"id":"1.149090244","rc":[{"ltp":4.5,"id":9628840},{"ltp":1.29,"id":6145777}]}]}
{"op":"mcm","clk":"7646856723","pt":1538751420030,"mc":[{"id":"1.149090244","rc":[{"ltp":3.05,"id":9628840},{"ltp":1.49,"id":6145777}]}]}
{"op":"mcm","clk":"7646863372","pt":1538751480030,"mc":[{"id":"1.149090244","rc":[{"ltp":5.2,"id":9628840},{"ltp":1.24,"id":6145777}]}]}
{"op":"mcm","clk":"7646870392","pt":1538751540072,"mc":[{"id":"1.149090244","rc":[{"ltp":10.0,"id":9628840},{"ltp":1.12,"id":6145777}]}]}
{"op":"mcm","clk":"7646877476","pt":1538751600014,"mc":[{"id":"1.149090244","rc":[{"ltp":9.4,"id":9628840}]}]}
{"op":"mcm","clk":"7646884550","pt":1538751660063,"mc":[{"id":"1.149090244","rc":[{"ltp":15.5,"id":9628840},{"ltp":1.04,"id":6145777}]}]}
{"op":"mcm","clk":"7646890794","pt":1538751719995,"mc":[{"id":"1.149090244","rc":[{"ltp":18.0,"id":9628840},{"ltp":1.07,"id":6145777}]}]}
{"op":"mcm","clk":"7646914074","pt":1538751779862,"mc":[{"id":"1.149090244","rc":[{"ltp":5.3,"id":9628840},{"ltp":1.25,"id":6145777}]}]}
{"op":"mcm","clk":"7646920126","pt":1538751839947,"mc":[{"id":"1.149090244","rc":[{"ltp":7.2,"id":9628840},{"ltp":1.15,"id":6145777}]}]}
{"op":"mcm","clk":"7646926459","pt":1538751898464,"mc":[{"id":"1.149090244","marketDefinition":{"bspMarket":false,"turnInPlayEnabled":true,"persistenceEnabled":true,"marketBaseRate":5.0,"eventId":"28938732","eventTypeId":"2","numberOfWinners":1,"bettingType":"ODDS","marketType":"MATCH_ODDS","marketTime":"2018-10-05T13:05:00.000Z","suspendTime":"2018-10-05T13:05:00.000Z","bspReconciled":false,"complete":true,"inPlay":true,"crossMatching":true,"runnersVoidable":false,"numberOfActiveRunners":2,"betDelay":5,"status":"SUSPENDED","runners":[{"status":"ACTIVE","sortPriority":1,"id":6145777,"name":"Qiang Wang"},{"status":"ACTIVE","sortPriority":2,"id":9628840,"name":"Aryna Sabalenka"}],"regulators":["MR_INT"],"countryCode":"CN","discountAllowed":true,"timezone":"UTC","openDate":"2018-10-05T13:05:00.000Z","version":2438113477,"name":"Match Odds","eventName":"Q Wang v Sabalenka"},"rc":[{"ltp":15.5,"id":9628840},{"ltp":1.08,"id":6145777}]}]}
{"op":"mcm","clk":"7646933532","pt":1538751969688,"mc":[{"id":"1.149090244","marketDefinition":{"bspMarket":false,"turnInPlayEnabled":true,"persistenceEnabled":true,"marketBaseRate":5.0,"eventId":"28938732","eventTypeId":"2","numberOfWinners":1,"bettingType":"ODDS","marketType":"MATCH_ODDS","marketTime":"2018-10-05T13:05:00.000Z","suspendTime":"2018-10-05T13:05:00.000Z","bspReconciled":false,"complete":true,"inPlay":true,"crossMatching":false,"runnersVoidable":false,"numberOfActiveRunners":0,"betDelay":5,"status":"CLOSED","settledTime":"2018-10-05T15:05:29.000Z","runners":[{"status":"WINNER","sortPriority":1,"id":6145777,"name":"Qiang Wang"},{"status":"LOSER","sortPriority":2,"id":9628840,"name":"Aryna Sabalenka"}],"regulators":["MR_INT"],"countryCode":"CN","discountAllowed":true,"timezone":"UTC","openDate":"2018-10-05T13:05:00.000Z","version":2438116608,"name":"Match Odds","eventName":"Q Wang v Sabalenka"}}]}
