{"op":"mcm","clk":"7735686722","pt":1539874186605,"mc":[{"id":"1.149776181","marketDefinition":{"bspMarket":false,"turnInPlayEnabled":true,"persistenceEnabled":true,"marketBaseRate":5.0,"eventId":"28963028","eventTypeId":"2","numberOfWinners":1,"bettingType":"ODDS","marketType":"MATCH_ODDS","marketTime":"2018-10-19T12:00:00.000Z","suspendTime":"2018-10-19T12:00:00.000Z","bspReconciled":false,"complete":true,"inPlay":false,"crossMatching":true,"runnersVoidable":false,"numberOfActiveRunners":2,"betDelay":0,"status":"OPEN","runners":[{"status":"ACTIVE","sortPriority":1,"id":2249345,"name":"Gilles Simon"},{"status":"ACTIVE","sortPriority":2,"id":8736474,"name":"Diego Schwartzman"}],"regulators":["MR_INT"],"countryCode":"BE","discountAllowed":true,"timezone":"UTC","openDate":"2018-10-19T12:00:00.000Z","version":2460621374,"name":"Match Odds","eventName":"G Simon v Schwartzman"}}]}
{"op":"mcm","clk":"7737176403","pt":1539888584162,"mc":[{"id":"1.149776181","rc":[{"ltp":1.75,"id":2249345}]}]}
{"op":"mcm","clk":"7737730917","pt":1539893386849,"mc":[{"id":"1.149776181","rc":[{"ltp":2.6,"id":8736474},{"ltp":1.65,"id":2249345}]}]}
{"op":"mcm","clk":"7737956378","pt":1539895711833,"mc":[{"id":"1.149776181","rc":[{"ltp":1.66,"id":2249345}]}]}
{"op":"mcm","clk":"7738033677","pt":1539896790619,"mc":[{"id":"1.149776181","rc":[{"ltp":1.65,"id":2249345}]}]}
{"op":"mcm","clk":"7738194334","pt":1539899032913,"mc":[{"id":"1.149776181","rc":[{"ltp":1.63,"id":2249345}]}]}
{"op":"mcm","clk":"7738207583","pt":1539899363015,"mc":[{"id":"1.149776181","rc":[{"ltp":1.64,"id":2249345}]}]}
{"op":"mcm","clk":"7738242711","pt":1539899862728,"mc":[{"id":"1.149776181","rc":[{"ltp":2.56,"id":8736474}]}]}
{"op":"mcm","clk":"7738305481","pt":1539901010313,"mc":[{"id":"1.149776181","rc":[{"ltp":2.5,"id":8736474},{"ltp":1.66,"id":2249345}]}]}
{"op":"mcm","clk":"7738377143","pt":1539902385897,"mc":[{"id":"1.149776181","rc":[{"ltp":2.56,"id":8736474},{"ltp":1.63,"id":2249345}]}]}
{"op":"mcm","clk":"7738381533","pt":1539902499656,"mc":[{"id":"1.149776181","rc":[{"ltp":1.64,"id":2249345}]}]}
{"op":"mcm","clk":"7738412965","pt":1539902880479,"mc":[{"id":"1.149776181","rc":[{"ltp":1.63,"id":2249345}]}]}
{"op":"mcm","clk":"7738595080","pt":1539905572189,"mc":[{"id":"1.149776181","rc":[{"ltp":1.64,"id":2249345}]}]}
{"op":"mcm","clk":"7738598802","pt":1539905632706,"mc":[{"id":"1.149776181","rc":[{"ltp":2.52,"id":8736474},{"ltp":1.65,"id":2249345}]}]}
{"op":"mcm","clk":"7738666234","pt":1539906695828,"mc":[{"id":"1.149776181","rc":[{"ltp":1.66,"id":2249345}]}]}
{"op":"mcm","clk":"7738671541","pt":1539906808873,"mc":[{"id":"1.149776181","rc":[{"ltp":2.5,"id":8736474}]}]}
{"op":"mcm","clk":"7738711957","pt":1539907295651,"mc":[{"id":"1.149776181","rc":[{"ltp":1.67,"id":2249345}]}]}
{"op":"mcm","clk":"7738719926","pt":1539907430315,"mc":[{"id":"1.149776181","rc":[{"ltp":2.48,"id":8736474}]}]}
{"op":"mcm","clk":"7738721908","pt":1539907468146,"mc":[{"id":"1.149776181","rc":[{"ltp":2.46,"id":8736474},{"ltp":1.68,"id":2249345}]}]}
{"op":"mcm","clk":"7739245751","pt":1539913966393,"mc":[{"id":"1.149776181","rc":[{"ltp":2.44,"id":8736474}]}]}
{"op":"mcm","clk":"7739478799","pt":1539916696536,"mc":[{"id":"1.149776181","rc":[{"ltp":1.69,"id":2249345}]}]}
{"op":"mcm","clk":"7739662687","pt":1539919153405,"mc":[{"id":"1.149776181","rc":[{"ltp":1.68,"id":2249345}]}]}
{"op":"mcm","clk":"7739710023","pt":1539919918886,"mc":[{"id":"1.149776181","rc":[{"ltp":1.69,"id":2249345}]}]}
{"op":"mcm","clk":"7739964528","pt":1539924285115,"mc":[{"id":"1.149776181","rc":[{"ltp":2.52,"id":8736474}]}]}
{"op":"mcm","clk":"7740017556","pt":1539925260698,"mc":[{"id":"1.149776181","rc":[{"ltp":1.68,"id":2249345}]}]}
{"op":"mcm","clk":"7740094910","pt":1539926644280,"mc":[{"id":"1.149776181","rc":[{"ltp":2.46,"id":8736474}]}]}
{"op":"mcm","clk":"7740098601","pt":1539926734205,"mc":[{"id":"1.149776181","rc":[{"ltp":1.69,"id":2249345}]}]}
{"op":"mcm","clk":"7740148021","pt":1539927646919,"mc":[{"id":"1.149776181","rc":[{"ltp":2.44,"id":8736474},{"ltp":1.68,"id":2249345}]}]}
{"op":"mcm","clk":"7740304359","pt":1539930180653,"mc":[{"id":"1.149776181","rc":[{"ltp":2.5,"id":8736474}]}]}
{"op":"mcm","clk":"7740354791","pt":1539930948816,"mc":[{"id":"1.149776181","rc":[{"ltp":2.42,"id":8736474},{"ltp":1.7,"id":2249345}]}]}
{"op":"mcm","clk":"7740396383","pt":1539931520968,"mc":[{"id":"1.149776181","rc":[{"ltp":1.67,"id":2249345}]}]}
{"op":"mcm","clk":"7740428853","pt":1539932187834,"mc":[{"id":"1.149776181","rc":[{"ltp":2.5,"id":8736474}]}]}
{"op":"mcm","clk":"7740454629","pt":1539932391793,"mc":[{"id":"1.149776181","rc":[{"ltp":2.44,"id":8736474},{"ltp":1.69,"id":2249345}]}]}
{"op":"mcm","clk":"7740457414","pt":1539932440788,"mc":[{"id":"1.149776181","rc":[{"ltp":2.42,"id":8736474}]}]}
{"op":"mcm","clk":"7740537262","pt":1539933579959,"mc":[{"id":"1.149776181","rc":[{"ltp":1.7,"id":2249345}]}]}
{"op":"mcm","clk":"7740593180","pt":1539934369902,"mc":[{"id":"1.149776181","rc":[{"ltp":1.69,"id":2249345}]}]}
{"op":"mcm","clk":"7740617666","pt":1539934791839,"mc":[{"id":"1.149776181","rc":[{"ltp":2.4,"id":8736474},{"ltp":1.71,"id":2249345}]}]}
{"op":"mcm","clk":"7740686440","pt":1539935599261,"mc":[{"id":"1.149776181","rc":[{"ltp":1.7,"id":2249345}]}]}
{"op":"mcm","clk":"7740721369","pt":1539935856658,"mc":[{"id":"1.149776181","rc":[{"ltp":1.69,"id":2249345}]}]}
{"op":"mcm","clk":"7740758857","pt":1539936408317,"mc":[{"id":"1.149776181","rc":[{"ltp":1.71,"id":2249345}]}]}
{"op":"mcm","clk":"7740761993","pt":1539936453294,"mc":[{"id":"1.149776181","rc":[{"ltp":2.38,"id":8736474},{"ltp":1.72,"id":2249345}]}]}
{"op":"mcm","clk":"7740819296","pt":1539937096521,"mc":[{"id":"1.149776181","rc":[{"ltp":2.4,"id":8736474},{"ltp":1.71,"id":2249345}]}]}
{"op":"mcm","clk":"7740845294","pt":1539937430814,"mc":[{"id":"1.149776181","rc":[{"ltp":1.7,"id":2249345}]}]}
{"op":"mcm","clk":"7740851868","pt":1539937509776,"mc":[{"id":"1.149776181","rc":[{"ltp":2.44,"id":8736474}]}]}
{"op":"mcm","clk":"7740933948","pt":1539938384304,"mc":[{"id":"1.149776181","rc":[{"ltp":1.69,"id":2249345}]}]}
{"op":"mcm","clk":"7740937462","pt":1539938431877,"mc":[{"id":"1.149776181","rc":[{"ltp":1.68,"id":2249345}]}]}
{"op":"mcm","clk":"7740986493","pt":1539938890644,"mc":[{"id":"1.149776181","rc":[{"ltp":1.67,"id":2249345}]}]}
{"op":"mcm","clk":"7741022242","pt":1539939288188,"mc":[{"id":"1.149776181","rc":[{"ltp":1.68,"id":2249345}]}]}
{"op":"mcm","clk":"7741391912","pt":1539942412249,"mc":[{"id":"1.149776181","rc":[{"ltp":1.69,"id":2249345}]}]}
{"op":"mcm","clk":"7741393618","pt":1539942428164,"mc":[{"id":"1.149776181","rc":[{"ltp":1.68,"id":2249345}]}]}
{"op":"mcm","clk":"7741404810","pt":1539942526543,"mc":[{"id":"1.149776181","rc":[{"ltp":2.46,"id":8736474}]}]}
{"op":"mcm","clk":"7741423563","pt":1539942711199,"mc":[{"id":"1.149776181","rc":[{"ltp":2.48,"id":8736474}]}]}
{"op":"mcm","clk":"7741428748","pt":1539942770298,"mc":[{"id":"1.149776181","rc":[{"ltp":2.5,"id":8736474},{"ltp":1.67,"id":2249345}]}]}
{"op":"mcm","clk":"7741434448","pt":1539942832089,"mc":[{"id":"1.149776181","rc":[{"ltp":2.54,"id":8736474},{"ltp":1.64,"id":2249345}]}]}
{"op":"mcm","clk":"7741439534","pt":1539942885110,"mc":[{"id":"1.149776181","rc":[{"ltp":2.56,"id":8736474}]}]}
{"op":"mcm","clk":"7741445649","pt":1539942946685,"mc":[{"id":"1.149776181","rc":[{"ltp":1.65,"id":2249345}]}]}
{"op":"mcm","clk":"7741519382","pt":1539943545014,"mc":[{"id":"1.149776181","rc":[{"ltp":2.5,"id":8736474}]}]}
{"op":"mcm","clk":"7741542342","pt":1539943784752,"mc":[{"id":"1.149776181","rc":[{"ltp":1.66,"id":2249345}]}]}
{"op":"mcm","clk":"7741580610","pt":1539943968839,"mc":[{"id":"1.149776181","rc":[{"ltp":2.52,"id":8736474},{"ltp":1.65,"id":2249345}]}]}
{"op":"mcm","clk":"7741616135","pt":1539944322971,"mc":[{"id":"1.149776181","rc":[{"ltp":1.66,"id":2249345}]}]}
{"op":"mcm","clk":"7741630202","pt":1539944438697,"mc":[{"id":"1.149776181","rc":[{"ltp":1.65,"id":2249345}]}]}
{"op":"mcm","clk":"7741640439","pt":1539944512673,"mc":[{"id":"1.149776181","rc":[{"ltp":2.5,"id":8736474}]}]}
{"op":"mcm","clk":"7741674364","pt":1539944812924,"mc":[{"id":"1.149776181","rc":[{"ltp":2.52,"id":8736474}]}]}
{"op":"mcm","clk":"7741696715","pt":1539944872512,"mc":[{"id":"1.149776181","rc":[{"ltp":2.58,"id":8736474},{"ltp":1.64,"id":2249345}]}]}
{"op":"mcm","clk":"7741702522","pt":1539944932485,"mc":[{"id":"1.149776181","rc":[{"ltp":1.63,"id":2249345}]}]}
{"op":"mcm","clk":"7741715252","pt":1539945031856,"mc":[{"id":"1.149776181","rc":[{"ltp":2.56,"id":8736474},{"ltp":1.64,"id":2249345}]}]}
{"op":"mcm","clk":"7741723266","pt":1539945110117,"mc":[{"id":"1.149776181","rc":[{"ltp":2.54,"id":8736474},{"ltp":1.63,"id":2249345}]}]}
{"op":"mcm","clk":"7741729598","pt":1539945172555,"mc":[{"id":"1.149776181","rc":[{"ltp":2.56,"id":8736474}]}]}
{"op":"mcm","clk":"7741772538","pt":1539945532849,"mc":[{"id":"1.149776181","rc":[{"ltp":2.6,"id":8736474},{"ltp":1.62,"id":2249345}]}]}
{"op":"mcm","clk":"7741780166","pt":1539945592675,"mc":[{"id":"1.149776181","rc":[{"ltp":1.63,"id":2249345}]}]}
{"op":"mcm","clk":"7741788818","pt":1539945651839,"mc":[{"id":"1.149776181","rc":[{"ltp":1.61,"id":2249345}]}]}
{"op":"mcm","clk":"7741796571","pt":1539945712419,"mc":[{"id":"1.149776181","rc":[{"ltp":1.63,"id":2249345}]}]}
{"op":"mcm","clk":"7741838872","pt":1539945935625,"mc":[{"id":"1.149776181","rc":[{"ltp":1.62,"id":2249345}]}]}
{"op":"mcm","clk":"7741870811","pt":1539946191473,"mc":[{"id":"1.149776181","rc":[{"ltp":2.62,"id":8736474}]}]}
{"op":"mcm","clk":"7741924928","pt":1539946610297,"mc":[{"id":"1.149776181","rc":[{"ltp":2.58,"id":8736474}]}]}
{"op":"mcm","clk":"7741942902","pt":1539946631511,"mc":[{"id":"1.149776181","rc":[{"ltp":1.63,"id":2249345}]}]}
{"op":"mcm","clk":"7741959139","pt":1539946783242,"mc":[{"id":"1.149776181","rc":[{"ltp":2.62,"id":8736474},{"ltp":1.62,"id":2249345}]}]}
{"op":"mcm","clk":"7741971578","pt":1539946897231,"mc":[{"id":"1.149776181","rc":[{"ltp":1.63,"id":2249345}]}]}
{"op":"mcm","clk":"7742008495","pt":1539947147204,"mc":[{"id":"1.149776181","rc":[{"ltp":1.62,"id":2249345}]}]}
{"op":"mcm","clk":"7742048624","pt":1539947390939,"mc":[{"id":"1.149776181","rc":[{"ltp":1.63,"id":2249345}]}]}
{"op":"mcm","clk":"7742065715","pt":1539947511978,"mc":[{"id":"1.149776181","rc":[{"ltp":1.62,"id":2249345}]}]}
{"op":"mcm","clk":"7742105698","pt":1539947692750,"mc":[{"id":"1.149776181","rc":[{"ltp":1.63,"id":2249345}]}]}
{"op":"mcm","clk":"7742115002","pt":1539947752047,"mc":[{"id":"1.149776181","rc":[{"ltp":1.62,"id":2249345}]}]}
{"op":"mcm","clk":"7742131928","pt":1539947864103,"mc":[{"id":"1.149776181","rc":[{"ltp":1.63,"id":2249345}]}]}
{"op":"mcm","clk":"7742144421","pt":1539947932579,"mc":[{"id":"1.149776181","rc":[{"ltp":1.64,"id":2249345}]}]}
{"op":"mcm","clk":"7742172955","pt":1539948098874,"mc":[{"id":"1.149776181","rc":[{"ltp":1.65,"id":2249345}]}]}
{"op":"mcm","clk":"7742183566","pt":1539948172631,"mc":[{"id":"1.149776181","rc":[{"ltp":1.64,"id":2249345}]}]}
{"op":"mcm","clk":"7742196775","pt":1539948272982,"mc":[{"id":"1.149776181","rc":[{"ltp":1.65,"id":2249345}]}]}
{"op":"mcm","clk":"7742206937","pt":1539948345242,"mc":[{"id":"1.149776181","rc":[{"ltp":2.54,"id":8736474},{"ltp":1.64,"id":2249345}]}]}
{"op":"mcm","clk":"7742214885","pt":1539948401601,"mc":[{"id":"1.149776181","rc":[{"ltp":1.65,"id":2249345}]}]}
{"op":"mcm","clk":"7742246717","pt":1539948521733,"mc":[{"id":"1.149776181","rc":[{"ltp":1.64,"id":2249345}]}]}
{"op":"mcm","clk":"7742256015","pt":1539948588272,"mc":[{"id":"1.149776181","rc":[{"ltp":2.56,"id":8736474},{"ltp":1.63,"id":2249345}]}]}
{"op":"mcm","clk":"7742274652","pt":1539948711942,"mc":[{"id":"1.149776181","rc":[{"ltp":2.6,"id":8736474},{"ltp":1.62,"id":2249345}]}]}
{"op":"mcm","clk":"7742281990","pt":1539948761213,"mc":[{"id":"1.149776181","rc":[{"ltp":1.61,"id":2249345}]}]}
{"op":"mcm","clk":"7742323761","pt":1539949012820,"mc":[{"id":"1.149776181","rc":[{"ltp":2.64,"id":8736474}]}]}
{"op":"mcm","clk":"7742331934","pt":1539949064182,"mc":[{"id":"1.149776181","rc":[{"ltp":1.62,"id":2249345}]}]}
{"op":"mcm","clk":"7742359532","pt":1539949241836,"mc":[{"id":"1.149776181","rc":[{"ltp":2.62,"id":8736474}]}]}
{"op":"mcm","clk":"7742405103","pt":1539949432863,"mc":[{"id":"1.149776181","rc":[{"ltp":2.6,"id":8736474},{"ltp":1.63,"id":2249345}]}]}
{"op":"mcm","clk":"7742429982","pt":1539949609835,"mc":[{"id":"1.149776181","rc":[{"ltp":1.64,"id":2249345}]}]}
{"op":"mcm","clk":"7742447390","pt":1539949725183,"mc":[{"id":"1.149776181","marketDefinition":{"bspMarket":false,"turnInPlayEnabled":true,"persistenceEnabled":true,"marketBaseRate":5.0,"eventId":"28963028","eventTypeId":"2","numberOfWinners":1,"bettingType":"ODDS","marketType":"MATCH_ODDS","marketTime":"2018-10-19T11:48:00.000Z","suspendTime":"2018-10-19T11:48:00.000Z","bspReconciled":false,"complete":true,"inPlay":false,"crossMatching":true,"runnersVoidable":false,"numberOfActiveRunners":2,"betDelay":0,"status":"OPEN","runners":[{"status":"ACTIVE","sortPriority":1,"id":2249345,"name":"Gilles Simon"},{"status":"ACTIVE","sortPriority":2,"id":8736474,"name":"Diego Schwartzman"}],"regulators":["MR_INT"],"countryCode":"BE","discountAllowed":true,"timezone":"UTC","openDate":"2018-10-19T11:48:00.000Z","version":2461434407,"name":"Match Odds","eventName":"G Simon v Schwartzman"},"rc":[{"ltp":1.63,"id":2249345}]}]}
{"op":"mcm","clk":"7742456274","pt":1539949782971,"mc":[{"id":"1.149776181","rc":[{"ltp":2.58,"id":8736474}]}]}
{"op":"mcm","clk":"7742466690","pt":1539949852080,"mc":[{"id":"1.149776181","rc":[{"ltp":2.56,"id":8736474},{"ltp":1.64,"id":2249345}]}]}
{"op":"mcm","clk":"7742476601","pt":1539949912775,"mc":[{"id":"1.149776181","rc":[{"ltp":2.58,"id":8736474},{"ltp":1.63,"id":2249345}]}]}
{"op":"mcm","clk":"7742484366","pt":1539949962057,"mc":[{"id":"1.149776181","rc":[{"ltp":2.56,"id":8736474},{"ltp":1.64,"id":2249345}]}]}
{"op":"mcm","clk":"7742494422","pt":1539950030376,"mc":[{"id":"1.149776181","rc":[{"ltp":2.58,"id":8736474},{"ltp":1.63,"id":2249345}]}]}
{"op":"mcm","clk":"7742512234","pt":1539950151435,"mc":[{"id":"1.149776181","rc":[{"ltp":2.52,"id":8736474},{"ltp":1.65,"id":2249345}]}]}
{"op":"mcm","clk":"7742542667","pt":1539950270632,"mc":[{"id":"1.149776181","rc":[{"ltp":2.58,"id":8736474},{"ltp":1.63,"id":2249345}]}]}
{"op":"mcm","clk":"7742550327","pt":1539950322314,"mc":[{"id":"1.149776181","rc":[{"ltp":1.64,"id":2249345}]}]}
{"op":"mcm","clk":"7742560646","pt":1539950392861,"mc":[{"id":"1.149776181","rc":[{"ltp":1.65,"id":2249345}]}]}
{"op":"mcm","clk":"7742568756","pt":1539950449917,"mc":[{"id":"1.149776181","rc":[{"ltp":2.52,"id":8736474}]}]}
{"op":"mcm","clk":"7742577540","pt":1539950508538,"mc":[{"id":"1.149776181","rc":[{"ltp":2.5,"id":8736474},{"ltp":1.66,"id":2249345}]}]}
{"op":"mcm","clk":"7742596777","pt":1539950632869,"mc":[{"id":"1.149776181","rc":[{"ltp":1.64,"id":2249345}]}]}
{"op":"mcm","clk":"7742606676","pt":1539950692835,"mc":[{"id":"1.149776181","rc":[{"ltp":2.52,"id":8736474},{"ltp":1.66,"id":2249345}]}]}
{"op":"mcm","clk":"7742616419","pt":1539950751540,"mc":[{"id":"1.149776181","rc":[{"ltp":1.68,"id":2249345}]}]}
{"op":"mcm","clk":"7742627815","pt":1539950811416,"mc":[{"id":"1.149776181","rc":[{"ltp":1.66,"id":2249345}]}]}
{"op":"mcm","clk":"7742638717","pt":1539950872636,"mc":[{"id":"1.149776181","rc":[{"ltp":1.68,"id":2249345}]}]}
{"op":"mcm","clk":"7742649967","pt":1539950932609,"mc":[{"id":"1.149776181","rc":[{"ltp":2.44,"id":8736474},{"ltp":1.7,"id":2249345}]}]}
{"op":"mcm","clk":"7742671989","pt":1539951052277,"mc":[{"id":"1.149776181","rc":[{"ltp":2.46,"id":8736474},{"ltp":1.71,"id":2249345}]}]}
{"op":"mcm","clk":"7742683170","pt":1539951111899,"mc":[{"id":"1.149776181","rc":[{"ltp":2.4,"id":8736474},{"ltp":1.72,"id":2249345}]}]}
{"op":"mcm","clk":"7742710166","pt":1539951172907,"mc":[{"id":"1.149776181","rc":[{"ltp":2.38,"id":8736474},{"ltp":1.7,"id":2249345}]}]}
{"op":"mcm","clk":"7742720977","pt":1539951230913,"mc":[{"id":"1.149776181","marketDefinition":{"bspMarket":false,"turnInPlayEnabled":true,"persistenceEnabled":true,"marketBaseRate":5.0,"eventId":"28963028","eventTypeId":"2","numberOfWinners":1,"bettingType":"ODDS","marketType":"MATCH_ODDS","marketTime":"2018-10-19T11:48:00.000Z","suspendTime":"2018-10-19T11:48:00.000Z","bspReconciled":false,"complete":true,"inPlay":true,"crossMatching":true,"runnersVoidable":false,"numberOfActiveRunners":2,"betDelay":5,"status":"OPEN","runners":[{"status":"ACTIVE","sortPriority":1,"id":2249345,"name":"Gilles Simon"},{"status":"ACTIVE","sortPriority":2,"id":8736474,"name":"Diego Schwartzman"}],"regulators":["MR_INT"],"countryCode":"BE","discountAllowed":true,"timezone":"UTC","openDate":"2018-10-19T11:48:00.000Z","version":2461477021,"name":"Match Odds","eventName":"G Simon v Schwartzman"},"rc":[{"ltp":2.28,"id":8736474},{"ltp":1.79,"id":2249345}]}]}
{"op":"mcm","clk":"7742731790","pt":1539951292366,"mc":[{"id":"1.149776181","rc":[{"ltp":2.56,"id":8736474},{"ltp":1.63,"id":2249345}]}]}
{"op":"mcm","clk":"7742742240","pt":1539951352176,"mc":[{"id":"1.149776181","rc":[{"ltp":2.38,"id":8736474},{"ltp":1.64,"id":2249345}]}]}
{"op":"mcm","clk":"7742753171","pt":1539951412770,"mc":[{"id":"1.149776181","rc":[{"ltp":2.74,"id":8736474},{"ltp":1.58,"id":2249345}]}]}
{"op":"mcm","clk":"7742764309","pt":1539951472898,"mc":[{"id":"1.149776181","rc":[{"ltp":2.68,"id":8736474},{"ltp":1.63,"id":2249345}]}]}
{"op":"mcm","clk":"7742775951","pt":1539951532509,"mc":[{"id":"1.149776181","rc":[{"ltp":2.6,"id":8736474},{"ltp":1.62,"id":2249345}]}]}
{"op":"mcm","clk":"7742787034","pt":1539951592856,"mc":[{"id":"1.149776181","rc":[{"ltp":2.56,"id":8736474},{"ltp":1.67,"id":2249345}]}]}
{"op":"mcm","clk":"7742799170","pt":1539951652754,"mc":[{"id":"1.149776181","rc":[{"ltp":2.3,"id":8736474},{"ltp":1.78,"id":2249345}]}]}
{"op":"mcm","clk":"7742811207","pt":1539951712858,"mc":[{"id":"1.149776181","rc":[{"ltp":1.95,"id":8736474},{"ltp":2.04,"id":2249345}]}]}
{"op":"mcm","clk":"7742822094","pt":1539951772467,"mc":[{"id":"1.149776181","rc":[{"ltp":2.02,"id":8736474},{"ltp":1.98,"id":2249345}]}]}
{"op":"mcm","clk":"7742832545","pt":1539951831687,"mc":[{"id":"1.149776181","rc":[{"ltp":2.12,"id":8736474},{"ltp":1.88,"id":2249345}]}]}
{"op":"mcm","clk":"7742843633","pt":1539951892818,"mc":[{"id":"1.149776181","rc":[{"ltp":1.92,"id":8736474},{"ltp":2.1,"id":2249345}]}]}
{"op":"mcm","clk":"7742854398","pt":1539951952146,"mc":[{"id":"1.149776181","rc":[{"ltp":1.93,"id":8736474},{"ltp":2.08,"id":2249345}]}]}
{"op":"mcm","clk":"7742865338","pt":1539952011901,"mc":[{"id":"1.149776181","rc":[{"ltp":1.91,"id":8736474},{"ltp":2.2,"id":2249345}]}]}
{"op":"mcm","clk":"7742891827","pt":1539952072362,"mc":[{"id":"1.149776181","rc":[{"ltp":1.85,"id":8736474},{"ltp":2.16,"id":2249345}]}]}
{"op":"mcm","clk":"7742902460","pt":1539952132902,"mc":[{"id":"1.149776181","rc":[{"ltp":2.16,"id":8736474},{"ltp":1.86,"id":2249345}]}]}
{"op":"mcm","clk":"7742912335","pt":1539952192861,"mc":[{"id":"1.149776181","rc":[{"ltp":1.98,"id":8736474},{"ltp":1.83,"id":2249345}]}]}
{"op":"mcm","clk":"7742922514","pt":1539952252572,"mc":[{"id":"1.149776181","rc":[{"ltp":2.14,"id":8736474},{"ltp":1.84,"id":2249345}]}]}
{"op":"mcm","clk":"7742933576","pt":1539952312929,"mc":[{"id":"1.149776181","rc":[{"ltp":2.4,"id":8736474},{"ltp":1.71,"id":2249345}]}]}
{"op":"mcm","clk":"7742944518","pt":1539952372709,"mc":[{"id":"1.149776181","rc":[{"ltp":2.52,"id":8736474},{"ltp":1.65,"id":2249345}]}]}
{"op":"mcm","clk":"7742956100","pt":1539952432563,"mc":[{"id":"1.149776181","rc":[{"ltp":1.59,"id":2249345}]}]}
{"op":"mcm","clk":"7742967314","pt":1539952492874,"mc":[{"id":"1.149776181","rc":[{"ltp":2.48,"id":8736474},{"ltp":1.61,"id":2249345}]}]}
{"op":"mcm","clk":"7742979094","pt":1539952552408,"mc":[{"id":"1.149776181","rc":[{"ltp":1.67,"id":2249345}]}]}
{"op":"mcm","clk":"7742991170","pt":1539952612890,"mc":[{"id":"1.149776181","rc":[{"ltp":2.62,"id":8736474},{"ltp":1.6,"id":2249345}]}]}
{"op":"mcm","clk":"7743002997","pt":1539952672725,"mc":[{"id":"1.149776181","rc":[{"ltp":2.86,"id":8736474},{"ltp":1.54,"id":2249345}]}]}
{"op":"mcm","clk":"7743023909","pt":1539952792860,"mc":[{"id":"1.149776181","rc":[{"ltp":3.0,"id":8736474},{"ltp":1.47,"id":2249345}]}]}
{"op":"mcm","clk":"7743035624","pt":1539952852479,"mc":[{"id":"1.149776181","rc":[{"ltp":2.68,"id":8736474},{"ltp":1.59,"id":2249345}]}]}
{"op":"mcm","clk":"7743046424","pt":1539952912700,"mc":[{"id":"1.149776181","rc":[{"ltp":2.64,"id":8736474},{"ltp":1.6,"id":2249345}]}]}
{"op":"mcm","clk":"7743072803","pt":1539952972882,"mc":[{"id":"1.149776181","rc":[{"ltp":2.72,"id":8736474},{"ltp":1.58,"id":2249345}]}]}
{"op":"mcm","clk":"7743083479","pt":1539953032824,"mc":[{"id":"1.149776181","rc":[{"ltp":2.96,"id":8736474},{"ltp":1.47,"id":2249345}]}]}
{"op":"mcm","clk":"7743094921","pt":1539953092732,"mc":[{"id":"1.149776181","rc":[{"ltp":2.48,"id":8736474},{"ltp":1.66,"id":2249345}]}]}
{"op":"mcm","clk":"7743105715","pt":1539953152917,"mc":[{"id":"1.149776181","rc":[{"ltp":2.56,"id":8736474},{"ltp":1.67,"id":2249345}]}]}
{"op":"mcm","clk":"7743116046","pt":1539953212910,"mc":[{"id":"1.149776181","rc":[{"ltp":2.22,"id":8736474},{"ltp":1.81,"id":2249345}]}]}
{"op":"mcm","clk":"7743125897","pt":1539953272876,"mc":[{"id":"1.149776181","rc":[{"ltp":2.42,"id":8736474},{"ltp":1.69,"id":2249345}]}]}
{"op":"mcm","clk":"7743133843","pt":1539953332218,"mc":[{"id":"1.149776181","rc":[{"ltp":2.62,"id":8736474},{"ltp":1.62,"id":2249345}]}]}
{"op":"mcm","clk":"7743142675","pt":1539953392729,"mc":[{"id":"1.149776181","rc":[{"ltp":2.22,"id":8736474},{"ltp":1.92,"id":2249345}]}]}
{"op":"mcm","clk":"7743152064","pt":1539953451072,"mc":[{"id":"1.149776181","rc":[{"ltp":2.42,"id":8736474},{"ltp":1.71,"id":2249345}]}]}
{"op":"mcm","clk":"7743161114","pt":1539953512813,"mc":[{"id":"1.149776181","rc":[{"ltp":2.62,"id":8736474},{"ltp":1.58,"id":2249345}]}]}
{"op":"mcm","clk":"7743170370","pt":1539953571958,"mc":[{"id":"1.149776181","rc":[{"ltp":2.9,"id":8736474},{"ltp":1.54,"id":2249345}]}]}
{"op":"mcm","clk":"7743179770","pt":1539953632764,"mc":[{"id":"1.149776181","rc":[{"ltp":2.82,"id":8736474},{"ltp":1.55,"id":2249345}]}]}
{"op":"mcm","clk":"7743190134","pt":1539953692746,"mc":[{"id":"1.149776181","rc":[{"ltp":2.48,"id":8736474},{"ltp":1.66,"id":2249345}]}]}
{"op":"mcm","clk":"7743200149","pt":1539953752770,"mc":[{"id":"1.149776181","rc":[{"ltp":2.68,"id":8736474},{"ltp":1.54,"id":2249345}]}]}
{"op":"mcm","clk":"7743209913","pt":1539953812797,"mc":[{"id":"1.149776181","rc":[{"ltp":1.59,"id":2249345}]}]}
{"op":"mcm","clk":"7743234890","pt":1539953872411,"mc":[{"id":"1.149776181","rc":[{"ltp":2.44,"id":8736474},{"ltp":1.7,"id":2249345}]}]}
{"op":"mcm","clk":"7743243959","pt":1539953932841,"mc":[{"id":"1.149776181","rc":[{"ltp":2.36,"id":8736474},{"ltp":1.74,"id":2249345}]}]}
{"op":"mcm","clk":"7743251781","pt":1539953992748,"mc":[{"id":"1.149776181","rc":[{"ltp":2.0,"id":8736474},{"ltp":1.94,"id":2249345}]}]}
{"op":"mcm","clk":"7743258986","pt":1539954052839,"mc":[{"id":"1.149776181","rc":[{"ltp":1.83,"id":8736474},{"ltp":2.2,"id":2249345}]}]}
{"op":"mcm","clk":"7743267855","pt":1539954112827,"mc":[{"id":"1.149776181","rc":[{"ltp":1.63,"id":8736474},{"ltp":2.56,"id":2249345}]}]}
{"op":"mcm","clk":"7743277218","pt":1539954172926,"mc":[{"id":"1.149776181","rc":[{"ltp":1.65,"id":8736474}]}]}
{"op":"mcm","clk":"7743286546","pt":1539954232716,"mc":[{"id":"1.149776181","rc":[{"ltp":1.71,"id":8736474},{"ltp":2.28,"id":2249345}]}]}
{"op":"mcm","clk":"7743296020","pt":1539954292888,"mc":[{"id":"1.149776181","rc":[{"ltp":1.56,"id":8736474},{"ltp":2.78,"id":2249345}]}]}
{"op":"mcm","clk":"7743307108","pt":1539954352894,"mc":[{"id":"1.149776181","rc":[{"ltp":1.49,"id":8736474},{"ltp":3.05,"id":2249345}]}]}
{"op":"mcm","clk":"7743317853","pt":1539954412923,"mc":[{"id":"1.149776181","rc":[{"ltp":1.45,"id":8736474},{"ltp":3.2,"id":2249345}]}]}
{"op":"mcm","clk":"7743338832","pt":1539954531987,"mc":[{"id":"1.149776181","rc":[{"ltp":1.44,"id":8736474},{"ltp":3.25,"id":2249345}]}]}
{"op":"mcm","clk":"7743348446","pt":1539954592928,"mc":[{"id":"1.149776181","rc":[{"ltp":1.42,"id":8736474},{"ltp":3.35,"id":2249345}]}]}
{"op":"mcm","clk":"7743357855","pt":1539954652679,"mc":[{"id":"1.149776181","rc":[{"ltp":1.34,"id":8736474},{"ltp":3.9,"id":2249345}]}]}
{"op":"mcm","clk":"7743368134","pt":1539954712877,"mc":[{"id":"1.149776181","rc":[{"ltp":1.33,"id":8736474}]}]}
{"op":"mcm","clk":"7743393836","pt":1539954772907,"mc":[{"id":"1.149776181","rc":[{"ltp":1.24,"id":8736474},{"ltp":4.0,"id":2249345}]}]}
{"op":"mcm","clk":"7743403519","pt":1539954832873,"mc":[{"id":"1.149776181","rc":[{"ltp":1.25,"id":8736474},{"ltp":5.0,"id":2249345}]}]}
{"op":"mcm","clk":"7743412945","pt":1539954892582,"mc":[{"id":"1.149776181","rc":[{"ltp":1.26,"id":8736474},{"ltp":4.9,"id":2249345}]}]}
{"op":"mcm","clk":"7743422527","pt":1539954952388,"mc":[{"id":"1.149776181","rc":[{"ltp":1.22,"id":8736474},{"ltp":5.8,"id":2249345}]}]}
{"op":"mcm","clk":"7743432130","pt":1539955012773,"mc":[{"id":"1.149776181","rc":[{"ltp":1.21,"id":8736474},{"ltp":4.9,"id":2249345}]}]}
{"op":"mcm","clk":"7743441248","pt":1539955072712,"mc":[{"id":"1.149776181","rc":[{"ltp":1.16,"id":8736474},{"ltp":7.2,"id":2249345}]}]}
{"op":"mcm","clk":"7743450484","pt":1539955132697,"mc":[{"id":"1.149776181","rc":[{"ltp":1.22,"id":8736474},{"ltp":5.5,"id":2249345}]}]}
{"op":"mcm","clk":"7743459910","pt":1539955192759,"mc":[{"id":"1.149776181","rc":[{"ltp":1.24,"id":8736474},{"ltp":5.1,"id":2249345}]}]}
{"op":"mcm","clk":"7743469000","pt":1539955252510,"mc":[{"id":"1.149776181","rc":[{"ltp":1.26,"id":8736474},{"ltp":5.3,"id":2249345}]}]}
{"op":"mcm","clk":"7743478359","pt":1539955312634,"mc":[{"id":"1.149776181","rc":[{"ltp":1.29,"id":8736474},{"ltp":4.2,"id":2249345}]}]}
{"op":"mcm","clk":"7743487552","pt":1539955372926,"mc":[{"id":"1.149776181","rc":[{"ltp":1.33,"id":8736474},{"ltp":4.0,"id":2249345}]}]}
{"op":"mcm","clk":"7743496848","pt":1539955432872,"mc":[{"id":"1.149776181","rc":[{"ltp":1.5,"id":8736474},{"ltp":2.96,"id":2249345}]}]}
{"op":"mcm","clk":"7743507242","pt":1539955492746,"mc":[{"id":"1.149776181","rc":[{"ltp":1.44,"id":8736474},{"ltp":3.3,"id":2249345}]}]}
{"op":"mcm","clk":"7743517442","pt":1539955552643,"mc":[{"id":"1.149776181","rc":[{"ltp":1.27,"id":8736474},{"ltp":4.4,"id":2249345}]}]}
{"op":"mcm","clk":"7743526776","pt":1539955612856,"mc":[{"id":"1.149776181","rc":[{"ltp":4.5,"id":2249345}]}]}
{"op":"mcm","clk":"7743552528","pt":1539955672689,"mc":[{"id":"1.149776181","rc":[{"ltp":1.22,"id":8736474},{"ltp":5.5,"id":2249345}]}]}
{"op":"mcm","clk":"7743571621","pt":1539955792929,"mc":[{"id":"1.149776181","rc":[{"ltp":1.19,"id":8736474},{"ltp":6.6,"id":2249345}]}]}
{"op":"mcm","clk":"7743581152","pt":1539955852828,"mc":[{"id":"1.149776181","rc":[{"ltp":1.29,"id":8736474},{"ltp":4.3,"id":2249345}]}]}
{"op":"mcm","clk":"7743590096","pt":1539955912881,"mc":[{"id":"1.149776181","rc":[{"ltp":1.36,"id":8736474},{"ltp":3.95,"id":2249345}]}]}
{"op":"mcm","clk":"7743599013","pt":1539955972767,"mc":[{"id":"1.149776181","rc":[{"ltp":1.51,"id":8736474},{"ltp":2.98,"id":2249345}]}]}
{"op":"mcm","clk":"7743607636","pt":1539956032702,"mc":[{"id":"1.149776181","rc":[{"ltp":1.42,"id":8736474},{"ltp":3.4,"id":2249345}]}]}
{"op":"mcm","clk":"7743616778","pt":1539956091958,"mc":[{"id":"1.149776181","rc":[{"ltp":1.33,"id":8736474},{"ltp":4.1,"id":2249345}]}]}
{"op":"mcm","clk":"7743625562","pt":1539956152639,"mc":[{"id":"1.149776181","rc":[{"ltp":1.27,"id":8736474},{"ltp":4.5,"id":2249345}]}]}
{"op":"mcm","clk":"7743635608","pt":1539956212281,"mc":[{"id":"1.149776181","rc":[{"ltp":1.19,"id":8736474},{"ltp":6.2,"id":2249345}]}]}
{"op":"mcm","clk":"7743645061","pt":1539956272347,"mc":[{"id":"1.149776181","rc":[{"ltp":1.2,"id":8736474},{"ltp":6.0,"id":2249345}]}]}
{"op":"mcm","clk":"7743655609","pt":1539956332597,"mc":[{"id":"1.149776181","rc":[{"ltp":1.21,"id":8736474},{"ltp":5.1,"id":2249345}]}]}
{"op":"mcm","clk":"7743665479","pt":1539956392931,"mc":[{"id":"1.149776181","rc":[{"ltp":1.26,"id":8736474},{"ltp":4.7,"id":2249345}]}]}
{"op":"mcm","clk":"7743674928","pt":1539956452871,"mc":[{"id":"1.149776181","rc":[{"ltp":1.39,"id":8736474},{"ltp":3.55,"id":2249345}]}]}
{"op":"mcm","clk":"7743683833","pt":1539956512820,"mc":[{"id":"1.149776181","rc":[{"ltp":1.23,"id":8736474},{"ltp":5.6,"id":2249345}]}]}
{"op":"mcm","clk":"7743708641","pt":1539956572937,"mc":[{"id":"1.149776181","rc":[{"ltp":1.09,"id":8736474},{"ltp":10.0,"id":2249345}]}]}
{"op":"mcm","clk":"7743717074","pt":1539956632856,"mc":[{"id":"1.149776181","rc":[{"ltp":1.1,"id":8736474},{"ltp":11.0,"id":2249345}]}]}
{"op":"mcm","clk":"7743725663","pt":1539956692737,"mc":[{"id":"1.149776181","rc":[{"ltp":12.0,"id":2249345}]}]}
{"op":"mcm","clk":"7743734931","pt":1539956752940,"mc":[{"id":"1.149776181","rc":[{"ltp":1.08,"id":8736474},{"ltp":12.5,"id":2249345}]}]}
{"op":"mcm","clk":"7743744454","pt":1539956812927,"mc":[{"id":"1.149776181","rc":[{"ltp":1.07,"id":8736474},{"ltp":19.0,"id":2249345}]}]}
{"op":"mcm","clk":"7743753244","pt":1539956872759,"mc":[{"id":"1.149776181","rc":[{"ltp":1.08,"id":8736474},{"ltp":13.5,"id":2249345}]}]}
{"op":"mcm","clk":"7743761516","pt":1539956932852,"mc":[{"id":"1.149776181","rc":[{"ltp":1.04,"id":8736474},{"ltp":26.0,"id":2249345}]}]}
{"op":"mcm","clk":"7743769750","pt":1539956990475,"mc":[{"id":"1.149776181","marketDefinition":{"bspMarket":false,"turnInPlayEnabled":true,"persistenceEnabled":true,"marketBaseRate":5.0,"eventId":"28963028","eventTypeId":"2","numberOfWinners":1,"bettingType":"ODDS","marketType":"MATCH_ODDS","marketTime":"2018-10-19T11:48:00.000Z","suspendTime":"2018-10-19T11:48:00.000Z","bspReconciled":false,"complete":true,"inPlay":true,"crossMatching":true,"runnersVoidable":false,"numberOfActiveRunners":2,"betDelay":5,"status":"SUSPENDED","runners":[{"status":"ACTIVE","sortPriority":1,"id":2249345,"name":"Gilles Simon"},{"status":"ACTIVE","sortPriority":2,"id":8736474,"name":"Diego Schwartzman"}],"regulators":["MR_INT"],"countryCode":"BE","discountAllowed":true,"timezone":"UTC","openDate":"2018-10-19T11:48:00.000Z","version":2461636105,"name":"Match Odds","eventName":"G Simon v Schwartzman"},"rc":[{"ltp":28.0,"id":2249345}]}]}
{"op":"mcm","clk":"7743772813","pt":1539957012920,"mc":[{"id":"1.149776181","marketDefinition":{"bspMarket":false,"turnInPlayEnabled":true,"persistenceEnabled":true,"marketBaseRate":5.0,"eventId":"28963028","eventTypeId":"2","numberOfWinners":1,"bettingType":"ODDS","marketType":"MATCH_ODDS","marketTime":"2018-10-19T11:48:00.000Z","suspendTime":"2018-10-19T11:48:00.000Z","bspReconciled":false,"complete":true,"inPlay":true,"crossMatching":false,"runnersVoidable":false,"numberOfActiveRunners":0,"betDelay":5,"status":"CLOSED","settledTime":"2018-10-19T13:49:49.000Z","runners":[{"status":"LOSER","sortPriority":1,"id":2249345,"name":"Gilles Simon"},{"status":"WINNER","sortPriority":2,"id":8736474,"name":"Diego Schwartzman"}],"regulators":["MR_INT"],"countryCode":"BE","discountAllowed":true,"timezone":"UTC","openDate":"2018-10-19T11:48:00.000Z","version":2461639219,"name":"Match Odds","eventName":"G Simon v Schwartzman"}}]}
