{"op":"mcm","clk":"7628381691","pt":1539291621948,"mc":[{"id":"1.149454796","marketDefinition":{"bspMarket":false,"turnInPlayEnabled":true,"persistenceEnabled":true,"marketBaseRate":5.0,"eventId":"28951840","eventTypeId":"2","numberOfWinners":1,"bettingType":"ODDS","marketType":"MATCH_ODDS","marketTime":"2018-10-12T15:00:00.000Z","suspendTime":"2018-10-12T15:00:00.000Z","bspReconciled":false,"complete":true,"inPlay":false,"crossMatching":true,"runnersVoidable":false,"numberOfActiveRunners":2,"betDelay":0,"status":"OPEN","runners":[{"status":"ACTIVE","sortPriority":1,"id":2404122,"name":"Andrea Petkovic"},{"status":"ACTIVE","sortPriority":2,"id":3622052,"name":"Kristina Mladenovic"}],"regulators":["MR_INT"],"countryCode":"AT","discountAllowed":true,"timezone":"UTC","openDate":"2018-10-12T15:00:00.000Z","version":2450242885,"name":"Match Odds","eventName":"Petkovic v Mladenovic"}}]}
{"op":"mcm","clk":"7628843455","pt":1539299804003,"mc":[{"id":"1.149454796","rc":[{"ltp":1.86,"id":2404122}]}]}
{"op":"mcm","clk":"7628954167","pt":1539301942130,"mc":[{"id":"1.149454796","rc":[{"ltp":1.84,"id":2404122}]}]}
{"op":"mcm","clk":"7629417201","pt":1539311747640,"mc":[{"id":"1.149454796","rc":[{"ltp":1.83,"id":2404122}]}]}
{"op":"mcm","clk":"7629438953","pt":1539312128176,"mc":[{"id":"1.149454796","rc":[{"ltp":1.89,"id":2404122},{"ltp":2.14,"id":3622052}]}]}
{"op":"mcm","clk":"7629664715","pt":1539317249783,"mc":[{"id":"1.149454796","rc":[{"ltp":1.83,"id":2404122}]}]}
{"op":"mcm","clk":"7629817005","pt":1539320427621,"mc":[{"id":"1.149454796","rc":[{"ltp":1.86,"id":2404122},{"ltp":2.16,"id":3622052}]}]}
{"op":"mcm","clk":"7629863650","pt":1539321423189,"mc":[{"id":"1.149454796","rc":[{"ltp":2.18,"id":3622052}]}]}
{"op":"mcm","clk":"7629870881","pt":1539321680425,"mc":[{"id":"1.149454796","rc":[{"ltp":1.78,"id":2404122},{"ltp":2.28,"id":3622052}]}]}
{"op":"mcm","clk":"7629888796","pt":1539321920234,"mc":[{"id":"1.149454796","rc":[{"ltp":1.84,"id":2404122}]}]}
{"op":"mcm","clk":"7629915335","pt":1539322587888,"mc":[{"id":"1.149454796","rc":[{"ltp":2.32,"id":3622052}]}]}
{"op":"mcm","clk":"7629916445","pt":1539322610722,"mc":[{"id":"1.149454796","rc":[{"ltp":2.36,"id":3622052}]}]}
{"op":"mcm","clk":"7629975727","pt":1539323670916,"mc":[{"id":"1.149454796","rc":[{"ltp":1.82,"id":2404122},{"ltp":2.22,"id":3622052}]}]}
{"op":"mcm","clk":"7630065496","pt":1539325494496,"mc":[{"id":"1.149454796","rc":[{"ltp":1.74,"id":2404122}]}]}
{"op":"mcm","clk":"7630075878","pt":1539325709434,"mc":[{"id":"1.149454796","rc":[{"ltp":2.3,"id":3622052}]}]}
{"op":"mcm","clk":"7630077965","pt":1539325756965,"mc":[{"id":"1.149454796","rc":[{"ltp":2.22,"id":3622052}]}]}
{"op":"mcm","clk":"7630258746","pt":1539328408995,"mc":[{"id":"1.149454796","rc":[{"ltp":1.77,"id":2404122}]}]}
{"op":"mcm","clk":"7630268819","pt":1539328589052,"mc":[{"id":"1.149454796","rc":[{"ltp":1.75,"id":2404122}]}]}
{"op":"mcm","clk":"7630425169","pt":1539330995158,"mc":[{"id":"1.149454796","rc":[{"ltp":1.74,"id":2404122}]}]}
{"op":"mcm","clk":"7630493006","pt":1539332072667,"mc":[{"id":"1.149454796","rc":[{"ltp":1.77,"id":2404122}]}]}
{"op":"mcm","clk":"7630507166","pt":1539332285930,"mc":[{"id":"1.149454796","rc":[{"ltp":1.74,"id":2404122}]}]}
{"op":"mcm","clk":"7630535416","pt":1539332615775,"mc":[{"id":"1.149454796","rc":[{"ltp":1.77,"id":2404122}]}]}
{"op":"mcm","clk":"7630595002","pt":1539333507766,"mc":[{"id":"1.149454796","rc":[{"ltp":1.74,"id":2404122}]}]}
{"op":"mcm","clk":"7630731995","pt":1539335255876,"mc":[{"id":"1.149454796","rc":[{"ltp":1.75,"id":2404122}]}]}
{"op":"mcm","clk":"7630761066","pt":1539335593310,"mc":[{"id":"1.149454796","rc":[{"ltp":2.38,"id":3622052}]}]}
{"op":"mcm","clk":"7630965755","pt":1539337589082,"mc":[{"id":"1.149454796","rc":[{"ltp":1.73,"id":2404122}]}]}
{"op":"mcm","clk":"7630997970","pt":1539337911319,"mc":[{"id":"1.149454796","rc":[{"ltp":1.72,"id":2404122}]}]}
{"op":"mcm","clk":"7631256913","pt":1539340039224,"mc":[{"id":"1.149454796","rc":[{"ltp":1.71,"id":2404122}]}]}
{"op":"mcm","clk":"7631263090","pt":1539340099579,"mc":[{"id":"1.149454796","rc":[{"ltp":2.4,"id":3622052}]}]}
{"op":"mcm","clk":"7631455328","pt":1539341954188,"mc":[{"id":"1.149454796","rc":[{"ltp":1.73,"id":2404122}]}]}
{"op":"mcm","clk":"7631480659","pt":1539342269593,"mc":[{"id":"1.149454796","rc":[{"ltp":1.72,"id":2404122}]}]}
{"op":"mcm","clk":"7631483888","pt":1539342306383,"mc":[{"id":"1.149454796","rc":[{"ltp":1.71,"id":2404122}]}]}
{"op":"mcm","clk":"7631552195","pt":1539342918288,"mc":[{"id":"1.149454796","rc":[{"ltp":1.7,"id":2404122}]}]}
{"op":"mcm","clk":"7631579385","pt":1539343166939,"mc":[{"id":"1.149454796","rc":[{"ltp":2.44,"id":3622052}]}]}
{"op":"mcm","clk":"7631722505","pt":1539344380849,"mc":[{"id":"1.149454796","rc":[{"ltp":1.71,"id":2404122}]}]}
{"op":"mcm","clk":"7631735088","pt":1539344521899,"mc":[{"id":"1.149454796","rc":[{"ltp":1.7,"id":2404122}]}]}
{"op":"mcm","clk":"7631961057","pt":1539346645999,"mc":[{"id":"1.149454796","rc":[{"ltp":1.71,"id":2404122}]}]}
{"op":"mcm","clk":"7631965883","pt":1539346680989,"mc":[{"id":"1.149454796","rc":[{"ltp":1.69,"id":2404122}]}]}
{"op":"mcm","clk":"7631976563","pt":1539346769663,"mc":[{"id":"1.149454796","rc":[{"ltp":1.7,"id":2404122},{"ltp":2.48,"id":3622052}]}]}
{"op":"mcm","clk":"7631980313","pt":1539346800915,"mc":[{"id":"1.149454796","rc":[{"ltp":1.69,"id":2404122}]}]}
{"op":"mcm","clk":"7631990814","pt":1539346889755,"mc":[{"id":"1.149454796","rc":[{"ltp":1.68,"id":2404122},{"ltp":2.46,"id":3622052}]}]}
{"op":"mcm","clk":"7632016397","pt":1539347040798,"mc":[{"id":"1.149454796","rc":[{"ltp":1.72,"id":2404122},{"ltp":2.42,"id":3622052}]}]}
{"op":"mcm","clk":"7632048901","pt":1539347361954,"mc":[{"id":"1.149454796","rc":[{"ltp":1.7,"id":2404122}]}]}
{"op":"mcm","clk":"7632165781","pt":1539348377917,"mc":[{"id":"1.149454796","rc":[{"ltp":1.71,"id":2404122}]}]}
{"op":"mcm","clk":"7632179408","pt":1539348525043,"mc":[{"id":"1.149454796","rc":[{"ltp":1.7,"id":2404122}]}]}
{"op":"mcm","clk":"7632210127","pt":1539348744076,"mc":[{"id":"1.149454796","rc":[{"ltp":1.69,"id":2404122}]}]}
{"op":"mcm","clk":"7632231529","pt":1539348952387,"mc":[{"id":"1.149454796","rc":[{"ltp":1.7,"id":2404122}]}]}
{"op":"mcm","clk":"7632311991","pt":1539349647991,"mc":[{"id":"1.149454796","rc":[{"ltp":2.44,"id":3622052}]}]}
{"op":"mcm","clk":"7632318189","pt":1539349701925,"mc":[{"id":"1.149454796","rc":[{"ltp":1.69,"id":2404122},{"ltp":2.46,"id":3622052}]}]}
{"op":"mcm","clk":"7632321420","pt":1539349735370,"mc":[{"id":"1.149454796","rc":[{"ltp":1.7,"id":2404122}]}]}
{"op":"mcm","clk":"7632489734","pt":1539351236262,"mc":[{"id":"1.149454796","rc":[{"ltp":1.67,"id":2404122}]}]}
{"op":"mcm","clk":"7632602059","pt":1539352208816,"mc":[{"id":"1.149454796","rc":[{"ltp":1.68,"id":2404122},{"ltp":2.48,"id":3622052}]}]}
{"op":"mcm","clk":"7632646489","pt":1539352571886,"mc":[{"id":"1.149454796","rc":[{"ltp":1.69,"id":2404122},{"ltp":2.46,"id":3622052}]}]}
{"op":"mcm","clk":"7632690565","pt":1539352993343,"mc":[{"id":"1.149454796","rc":[{"ltp":2.48,"id":3622052}]}]}
{"op":"mcm","clk":"7632724004","pt":1539353218686,"mc":[{"id":"1.149454796","rc":[{"ltp":1.68,"id":2404122}]}]}
{"op":"mcm","clk":"7632763855","pt":1539353482598,"mc":[{"id":"1.149454796","rc":[{"ltp":1.7,"id":2404122}]}]}
{"op":"mcm","clk":"7632775757","pt":1539353608305,"mc":[{"id":"1.149454796","rc":[{"ltp":1.67,"id":2404122},{"ltp":2.5,"id":3622052}]}]}
{"op":"mcm","clk":"7632793775","pt":1539353785787,"mc":[{"id":"1.149454796","rc":[{"ltp":1.66,"id":2404122}]}]}
{"op":"mcm","clk":"7632813332","pt":1539353968660,"mc":[{"id":"1.149454796","rc":[{"ltp":1.64,"id":2404122},{"ltp":2.58,"id":3622052}]}]}
{"op":"mcm","clk":"7632826566","pt":1539354089799,"mc":[{"id":"1.149454796","rc":[{"ltp":1.63,"id":2404122}]}]}
{"op":"mcm","clk":"7632856186","pt":1539354269282,"mc":[{"id":"1.149454796","rc":[{"ltp":1.65,"id":2404122}]}]}
{"op":"mcm","clk":"7632863336","pt":1539354329166,"mc":[{"id":"1.149454796","rc":[{"ltp":1.62,"id":2404122},{"ltp":2.62,"id":3622052}]}]}
{"op":"mcm","clk":"7632869991","pt":1539354389754,"mc":[{"id":"1.149454796","rc":[{"ltp":1.6,"id":2404122},{"ltp":2.68,"id":3622052}]}]}
{"op":"mcm","clk":"7632884380","pt":1539354507777,"mc":[{"id":"1.149454796","rc":[{"ltp":2.66,"id":3622052}]}]}
{"op":"mcm","clk":"7632917516","pt":1539354791549,"mc":[{"id":"1.149454796","rc":[{"ltp":1.61,"id":2404122}]}]}
{"op":"mcm","clk":"7632961328","pt":1539355109797,"mc":[{"id":"1.149454796","rc":[{"ltp":1.62,"id":2404122}]}]}
{"op":"mcm","clk":"7632966438","pt":1539355164049,"mc":[{"id":"1.149454796","rc":[{"ltp":1.6,"id":2404122}]}]}
{"op":"mcm","clk":"7632971494","pt":1539355218408,"mc":[{"id":"1.149454796","rc":[{"ltp":1.61,"id":2404122}]}]}
{"op":"mcm","clk":"7632984391","pt":1539355349679,"mc":[{"id":"1.149454796","rc":[{"ltp":1.62,"id":2404122},{"ltp":2.6,"id":3622052}]}]}
{"op":"mcm","clk":"7632990350","pt":1539355408918,"mc":[{"id":"1.149454796","rc":[{"ltp":1.6,"id":2404122}]}]}
{"op":"mcm","clk":"7633001584","pt":1539355526597,"mc":[{"id":"1.149454796","rc":[{"ltp":1.62,"id":2404122}]}]}
{"op":"mcm","clk":"7633014516","pt":1539355646495,"mc":[{"id":"1.149454796","rc":[{"ltp":1.6,"id":2404122},{"ltp":2.64,"id":3622052}]}]}
{"op":"mcm","clk":"7633020822","pt":1539355705982,"mc":[{"id":"1.149454796","rc":[{"ltp":1.61,"id":2404122},{"ltp":2.68,"id":3622052}]}]}
{"op":"mcm","clk":"7633032469","pt":1539355828419,"mc":[{"id":"1.149454796","rc":[{"ltp":1.59,"id":2404122}]}]}
{"op":"mcm","clk":"7633051879","pt":1539355947455,"mc":[{"id":"1.149454796","rc":[{"ltp":2.74,"id":3622052}]}]}
{"op":"mcm","clk":"7633065165","pt":1539356118976,"mc":[{"id":"1.149454796","rc":[{"ltp":1.58,"id":2404122},{"ltp":2.68,"id":3622052}]}]}
{"op":"mcm","clk":"7633067391","pt":1539356152327,"mc":[{"id":"1.149454796","rc":[{"ltp":2.74,"id":3622052}]}]}
{"op":"mcm","clk":"7633086113","pt":1539356369786,"mc":[{"id":"1.149454796","marketDefinition":{"bspMarket":false,"turnInPlayEnabled":true,"persistenceEnabled":true,"marketBaseRate":5.0,"eventId":"28951840","eventTypeId":"2","numberOfWinners":1,"bettingType":"ODDS","marketType":"MATCH_ODDS","marketTime":"2018-10-12T15:15:00.000Z","suspendTime":"2018-10-12T15:15:00.000Z","bspReconciled":false,"complete":true,"inPlay":false,"crossMatching":true,"runnersVoidable":false,"numberOfActiveRunners":2,"betDelay":0,"status":"OPEN","runners":[{"status":"ACTIVE","sortPriority":1,"id":2404122,"name":"Andrea Petkovic"},{"status":"ACTIVE","sortPriority":2,"id":3622052,"name":"Kristina Mladenovic"}],"regulators":["MR_INT"],"countryCode":"AT","discountAllowed":true,"timezone":"UTC","openDate":"2018-10-12T15:15:00.000Z","version":2450939794,"name":"Match Odds","eventName":"Petkovic v Mladenovic"}}]}
{"op":"mcm","clk":"7633104783","pt":1539356544444,"mc":[{"id":"1.149454796","rc":[{"ltp":1.59,"id":2404122}]}]}
{"op":"mcm","clk":"7633118151","pt":1539356662787,"mc":[{"id":"1.149454796","rc":[{"ltp":1.58,"id":2404122}]}]}
{"op":"mcm","clk":"7633125829","pt":1539356728220,"mc":[{"id":"1.149454796","rc":[{"ltp":1.59,"id":2404122}]}]}
{"op":"mcm","clk":"7633130004","pt":1539356764201,"mc":[{"id":"1.149454796","rc":[{"ltp":1.58,"id":2404122}]}]}
{"op":"mcm","clk":"7633162632","pt":1539356967748,"mc":[{"id":"1.149454796","rc":[{"ltp":1.59,"id":2404122}]}]}
{"op":"mcm","clk":"7633168844","pt":1539357027106,"mc":[{"id":"1.149454796","rc":[{"ltp":1.58,"id":2404122},{"ltp":2.72,"id":3622052}]}]}
{"op":"mcm","clk":"7633171899","pt":1539357056892,"mc":[{"id":"1.149454796","rc":[{"ltp":2.76,"id":3622052}]}]}
{"op":"mcm","clk":"7633178368","pt":1539357117846,"mc":[{"id":"1.149454796","rc":[{"ltp":1.57,"id":2404122}]}]}
{"op":"mcm","clk":"7633184663","pt":1539357178299,"mc":[{"id":"1.149454796","rc":[{"ltp":1.59,"id":2404122}]}]}
{"op":"mcm","clk":"7633193511","pt":1539357266743,"mc":[{"id":"1.149454796","marketDefinition":{"bspMarket":false,"turnInPlayEnabled":true,"persistenceEnabled":true,"marketBaseRate":5.0,"eventId":"28951840","eventTypeId":"2","numberOfWinners":1,"bettingType":"ODDS","marketType":"MATCH_ODDS","marketTime":"2018-10-12T15:30:00.000Z","suspendTime":"2018-10-12T15:30:00.000Z","bspReconciled":false,"complete":true,"inPlay":false,"crossMatching":true,"runnersVoidable":false,"numberOfActiveRunners":2,"betDelay":0,"status":"OPEN","runners":[{"status":"ACTIVE","sortPriority":1,"id":2404122,"name":"Andrea Petkovic"},{"status":"ACTIVE","sortPriority":2,"id":3622052,"name":"Kristina Mladenovic"}],"regulators":["MR_INT"],"countryCode":"AT","discountAllowed":true,"timezone":"UTC","openDate":"2018-10-12T15:30:00.000Z","version":2450962036,"name":"Match Odds","eventName":"Petkovic v Mladenovic"},"rc":[{"ltp":1.58,"id":2404122}]}]}
{"op":"mcm","clk":"7633199738","pt":1539357329767,"mc":[{"id":"1.149454796","rc":[{"ltp":1.59,"id":2404122},{"ltp":2.7,"id":3622052}]}]}
{"op":"mcm","clk":"7633210251","pt":1539357441535,"mc":[{"id":"1.149454796","rc":[{"ltp":1.58,"id":2404122}]}]}
{"op":"mcm","clk":"7633228093","pt":1539357617212,"mc":[{"id":"1.149454796","rc":[{"ltp":1.59,"id":2404122}]}]}
{"op":"mcm","clk":"7633258030","pt":1539357809701,"mc":[{"id":"1.149454796","rc":[{"ltp":1.61,"id":2404122},{"ltp":2.64,"id":3622052}]}]}
{"op":"mcm","clk":"7633278176","pt":1539357985914,"mc":[{"id":"1.149454796","rc":[{"ltp":1.62,"id":2404122}]}]}
{"op":"mcm","clk":"7633298409","pt":1539358162503,"mc":[{"id":"1.149454796","marketDefinition":{"bspMarket":false,"turnInPlayEnabled":true,"persistenceEnabled":true,"marketBaseRate":5.0,"eventId":"28951840","eventTypeId":"2","numberOfWinners":1,"bettingType":"ODDS","marketType":"MATCH_ODDS","marketTime":"2018-10-12T15:45:00.000Z","suspendTime":"2018-10-12T15:45:00.000Z","bspReconciled":false,"complete":true,"inPlay":false,"crossMatching":true,"runnersVoidable":false,"numberOfActiveRunners":2,"betDelay":0,"status":"OPEN","runners":[{"status":"ACTIVE","sortPriority":1,"id":2404122,"name":"Andrea Petkovic"},{"status":"ACTIVE","sortPriority":2,"id":3622052,"name":"Kristina Mladenovic"}],"regulators":["MR_INT"],"countryCode":"AT","discountAllowed":true,"timezone":"UTC","openDate":"2018-10-12T15:45:00.000Z","version":2450982548,"name":"Match Odds","eventName":"Petkovic v Mladenovic"}}]}
{"op":"mcm","clk":"7633310916","pt":1539358283737,"mc":[{"id":"1.149454796","rc":[{"ltp":1.61,"id":2404122}]}]}
{"op":"mcm","clk":"7633317282","pt":1539358344674,"mc":[{"id":"1.149454796","rc":[{"ltp":2.58,"id":3622052}]}]}
{"op":"mcm","clk":"7633323843","pt":1539358405246,"mc":[{"id":"1.149454796","rc":[{"ltp":1.63,"id":2404122}]}]}
{"op":"mcm","clk":"7633336692","pt":1539358529651,"mc":[{"id":"1.149454796","rc":[{"ltp":1.61,"id":2404122}]}]}
{"op":"mcm","clk":"7633359307","pt":1539358649781,"mc":[{"id":"1.149454796","rc":[{"ltp":1.63,"id":2404122}]}]}
{"op":"mcm","clk":"7633364246","pt":1539358693470,"mc":[{"id":"1.149454796","rc":[{"ltp":1.61,"id":2404122}]}]}
{"op":"mcm","clk":"7633380936","pt":1539358829799,"mc":[{"id":"1.149454796","rc":[{"ltp":1.67,"id":2404122},{"ltp":2.5,"id":3622052}]}]}
{"op":"mcm","clk":"7633386293","pt":1539358874962,"mc":[{"id":"1.149454796","rc":[{"ltp":1.65,"id":2404122}]}]}
{"op":"mcm","clk":"7633403028","pt":1539359008413,"mc":[{"id":"1.149454796","rc":[{"ltp":1.63,"id":2404122},{"ltp":2.54,"id":3622052}]}]}
{"op":"mcm","clk":"7633409596","pt":1539359063170,"mc":[{"id":"1.149454796","marketDefinition":{"bspMarket":false,"turnInPlayEnabled":true,"persistenceEnabled":true,"marketBaseRate":5.0,"eventId":"28951840","eventTypeId":"2","numberOfWinners":1,"bettingType":"ODDS","marketType":"MATCH_ODDS","marketTime":"2018-10-12T16:00:00.000Z","suspendTime":"2018-10-12T16:00:00.000Z","bspReconciled":false,"complete":true,"inPlay":false,"crossMatching":true,"runnersVoidable":false,"numberOfActiveRunners":2,"betDelay":0,"status":"OPEN","runners":[{"status":"ACTIVE","sortPriority":1,"id":2404122,"name":"Andrea Petkovic"},{"status":"ACTIVE","sortPriority":2,"id":3622052,"name":"Kristina Mladenovic"}],"regulators":["MR_INT"],"countryCode":"AT","discountAllowed":true,"timezone":"UTC","openDate":"2018-10-12T16:00:00.000Z","version":2451005986,"name":"Match Odds","eventName":"Petkovic v Mladenovic"}}]}
{"op":"mcm","clk":"7633415582","pt":1539359115310,"mc":[{"id":"1.149454796","rc":[{"ltp":1.64,"id":2404122}]}]}
{"op":"mcm","clk":"7633424859","pt":1539359188525,"mc":[{"id":"1.149454796","rc":[{"ltp":1.65,"id":2404122},{"ltp":2.5,"id":3622052}]}]}
{"op":"mcm","clk":"7633428776","pt":1539359219769,"mc":[{"id":"1.149454796","rc":[{"ltp":1.63,"id":2404122}]}]}
{"op":"mcm","clk":"7633438938","pt":1539359308698,"mc":[{"id":"1.149454796","rc":[{"ltp":2.58,"id":3622052}]}]}
{"op":"mcm","clk":"7633497971","pt":1539359789669,"mc":[{"id":"1.149454796","rc":[{"ltp":1.62,"id":2404122},{"ltp":2.56,"id":3622052}]}]}
{"op":"mcm","clk":"7633502320","pt":1539359835060,"mc":[{"id":"1.149454796","rc":[{"ltp":1.64,"id":2404122}]}]}
{"op":"mcm","clk":"7633509761","pt":1539359904306,"mc":[{"id":"1.149454796","rc":[{"ltp":1.61,"id":2404122}]}]}
{"op":"mcm","clk":"7633517159","pt":1539359969420,"mc":[{"id":"1.149454796","marketDefinition":{"bspMarket":false,"turnInPlayEnabled":true,"persistenceEnabled":true,"marketBaseRate":5.0,"eventId":"28951840","eventTypeId":"2","numberOfWinners":1,"bettingType":"ODDS","marketType":"MATCH_ODDS","marketTime":"2018-10-12T16:15:00.000Z","suspendTime":"2018-10-12T16:15:00.000Z","bspReconciled":false,"complete":true,"inPlay":false,"crossMatching":true,"runnersVoidable":false,"numberOfActiveRunners":2,"betDelay":0,"status":"OPEN","runners":[{"status":"ACTIVE","sortPriority":1,"id":2404122,"name":"Andrea Petkovic"},{"status":"ACTIVE","sortPriority":2,"id":3622052,"name":"Kristina Mladenovic"}],"regulators":["MR_INT"],"countryCode":"AT","discountAllowed":true,"timezone":"UTC","openDate":"2018-10-12T16:15:00.000Z","version":2451027659,"name":"Match Odds","eventName":"Petkovic v Mladenovic"},"rc":[{"ltp":1.62,"id":2404122}]}]}
{"op":"mcm","clk":"7633542961","pt":1539360149655,"mc":[{"id":"1.149454796","rc":[{"ltp":1.61,"id":2404122},{"ltp":2.64,"id":3622052}]}]}
{"op":"mcm","clk":"7633561583","pt":1539360267965,"mc":[{"id":"1.149454796","rc":[{"ltp":1.6,"id":2404122}]}]}
{"op":"mcm","clk":"7633571209","pt":1539360328607,"mc":[{"id":"1.149454796","rc":[{"ltp":1.64,"id":2404122}]}]}
{"op":"mcm","clk":"7633580720","pt":1539360389729,"mc":[{"id":"1.149454796","rc":[{"ltp":1.63,"id":2404122},{"ltp":2.58,"id":3622052}]}]}
{"op":"mcm","clk":"7633629270","pt":1539360629783,"mc":[{"id":"1.149454796","rc":[{"ltp":2.62,"id":3622052}]}]}
{"op":"mcm","clk":"7633638071","pt":1539360686960,"mc":[{"id":"1.149454796","rc":[{"ltp":1.62,"id":2404122}]}]}
{"op":"mcm","clk":"7633665691","pt":1539360863614,"mc":[{"id":"1.149454796","marketDefinition":{"bspMarket":false,"turnInPlayEnabled":true,"persistenceEnabled":true,"marketBaseRate":5.0,"eventId":"28951840","eventTypeId":"2","numberOfWinners":1,"bettingType":"ODDS","marketType":"MATCH_ODDS","marketTime":"2018-10-12T16:30:00.000Z","suspendTime":"2018-10-12T16:30:00.000Z","bspReconciled":false,"complete":true,"inPlay":false,"crossMatching":true,"runnersVoidable":false,"numberOfActiveRunners":2,"betDelay":0,"status":"OPEN","runners":[{"status":"ACTIVE","sortPriority":1,"id":2404122,"name":"Andrea Petkovic"},{"status":"ACTIVE","sortPriority":2,"id":3622052,"name":"Kristina Mladenovic"}],"regulators":["MR_INT"],"countryCode":"AT","discountAllowed":true,"timezone":"UTC","openDate":"2018-10-12T16:30:00.000Z","version":2451069655,"name":"Match Odds","eventName":"Petkovic v Mladenovic"}}]}
{"op":"mcm","clk":"7633694520","pt":1539361047598,"mc":[{"id":"1.149454796","rc":[{"ltp":1.63,"id":2404122}]}]}
{"op":"mcm","clk":"7633710192","pt":1539361155686,"mc":[{"id":"1.149454796","rc":[{"ltp":1.64,"id":2404122}]}]}
{"op":"mcm","clk":"7633790534","pt":1539361632660,"mc":[{"id":"1.149454796","rc":[{"ltp":1.62,"id":2404122}]}]}
{"op":"mcm","clk":"7633801436","pt":1539361705448,"mc":[{"id":"1.149454796","rc":[{"ltp":1.63,"id":2404122}]}]}
{"op":"mcm","clk":"7633810294","pt":1539361762967,"mc":[{"id":"1.149454796","marketDefinition":{"bspMarket":false,"turnInPlayEnabled":true,"persistenceEnabled":true,"marketBaseRate":5.0,"eventId":"28951840","eventTypeId":"2","numberOfWinners":1,"bettingType":"ODDS","marketType":"MATCH_ODDS","marketTime":"2018-10-12T16:45:00.000Z","suspendTime":"2018-10-12T16:45:00.000Z","bspReconciled":false,"complete":true,"inPlay":false,"crossMatching":true,"runnersVoidable":false,"numberOfActiveRunners":2,"betDelay":0,"status":"OPEN","runners":[{"status":"ACTIVE","sortPriority":1,"id":2404122,"name":"Andrea Petkovic"},{"status":"ACTIVE","sortPriority":2,"id":3622052,"name":"Kristina Mladenovic"}],"regulators":["MR_INT"],"countryCode":"AT","discountAllowed":true,"timezone":"UTC","openDate":"2018-10-12T16:45:00.000Z","version":2451091302,"name":"Match Odds","eventName":"Petkovic v Mladenovic"}}]}
{"op":"mcm","clk":"7633834466","pt":1539361923501,"mc":[{"id":"1.149454796","rc":[{"ltp":1.62,"id":2404122}]}]}
{"op":"mcm","clk":"7633891645","pt":1539362245032,"mc":[{"id":"1.149454796","rc":[{"ltp":1.64,"id":2404122},{"ltp":2.56,"id":3622052}]}]}
{"op":"mcm","clk":"7633921440","pt":1539362428763,"mc":[{"id":"1.149454796","rc":[{"ltp":1.66,"id":2404122},{"ltp":2.54,"id":3622052}]}]}
{"op":"mcm","clk":"7633930959","pt":1539362485406,"mc":[{"id":"1.149454796","rc":[{"ltp":1.63,"id":2404122},{"ltp":2.52,"id":3622052}]}]}
{"op":"mcm","clk":"7633940895","pt":1539362546793,"mc":[{"id":"1.149454796","rc":[{"ltp":1.62,"id":2404122},{"ltp":2.6,"id":3622052}]}]}
{"op":"mcm","clk":"7633959950","pt":1539362668354,"mc":[{"id":"1.149454796","marketDefinition":{"bspMarket":false,"turnInPlayEnabled":true,"persistenceEnabled":true,"marketBaseRate":5.0,"eventId":"28951840","eventTypeId":"2","numberOfWinners":1,"bettingType":"ODDS","marketType":"MATCH_ODDS","marketTime":"2018-10-12T17:00:00.000Z","suspendTime":"2018-10-12T17:00:00.000Z","bspReconciled":false,"complete":true,"inPlay":false,"crossMatching":true,"runnersVoidable":false,"numberOfActiveRunners":2,"betDelay":0,"status":"OPEN","runners":[{"status":"ACTIVE","sortPriority":1,"id":2404122,"name":"Andrea Petkovic"},{"status":"ACTIVE","sortPriority":2,"id":3622052,"name":"Kristina Mladenovic"}],"regulators":["MR_INT"],"countryCode":"AT","discountAllowed":true,"timezone":"UTC","openDate":"2018-10-12T17:00:00.000Z","version":2451116311,"name":"Match Odds","eventName":"Petkovic v Mladenovic"}}]}
{"op":"mcm","clk":"7633995969","pt":1539362909790,"mc":[{"id":"1.149454796","rc":[{"ltp":1.64,"id":2404122},{"ltp":2.5,"id":3622052}]}]}
{"op":"mcm","clk":"7634003931","pt":1539362965167,"mc":[{"id":"1.149454796","rc":[{"ltp":1.63,"id":2404122},{"ltp":2.6,"id":3622052}]}]}
{"op":"mcm","clk":"7634024004","pt":1539363089472,"mc":[{"id":"1.149454796","rc":[{"ltp":1.64,"id":2404122}]}]}
{"op":"mcm","clk":"7634042488","pt":1539363144088,"mc":[{"id":"1.149454796","rc":[{"ltp":1.62,"id":2404122},{"ltp":2.64,"id":3622052}]}]}
{"op":"mcm","clk":"7634051931","pt":1539363209193,"mc":[{"id":"1.149454796","rc":[{"ltp":1.63,"id":2404122},{"ltp":2.58,"id":3622052}]}]}
{"op":"mcm","clk":"7634060593","pt":1539363267689,"mc":[{"id":"1.149454796","marketDefinition":{"bspMarket":false,"turnInPlayEnabled":true,"persistenceEnabled":true,"marketBaseRate":5.0,"eventId":"28951840","eventTypeId":"2","numberOfWinners":1,"bettingType":"ODDS","marketType":"MATCH_ODDS","marketTime":"2018-10-12T16:53:00.000Z","suspendTime":"2018-10-12T16:53:00.000Z","bspReconciled":false,"complete":true,"inPlay":false,"crossMatching":true,"runnersVoidable":false,"numberOfActiveRunners":2,"betDelay":0,"status":"OPEN","runners":[{"status":"ACTIVE","sortPriority":1,"id":2404122,"name":"Andrea Petkovic"},{"status":"ACTIVE","sortPriority":2,"id":3622052,"name":"Kristina Mladenovic"}],"regulators":["MR_INT"],"countryCode":"AT","discountAllowed":true,"timezone":"UTC","openDate":"2018-10-12T16:53:00.000Z","version":2451158406,"name":"Match Odds","eventName":"Petkovic v Mladenovic"},"rc":[{"ltp":1.62,"id":2404122},{"ltp":2.6,"id":3622052}]}]}
{"op":"mcm","clk":"7634069866","pt":1539363328808,"mc":[{"id":"1.149454796","rc":[{"ltp":1.61,"id":2404122}]}]}
{"op":"mcm","clk":"7634078303","pt":1539363388778,"mc":[{"id":"1.149454796","rc":[{"ltp":2.62,"id":3622052}]}]}
{"op":"mcm","clk":"7634086013","pt":1539363445862,"mc":[{"id":"1.149454796","rc":[{"ltp":1.63,"id":2404122}]}]}
{"op":"mcm","clk":"7634094325","pt":1539363507931,"mc":[{"id":"1.149454796","rc":[{"ltp":1.61,"id":2404122},{"ltp":2.58,"id":3622052}]}]}
{"op":"mcm","clk":"7634102247","pt":1539363568627,"mc":[{"id":"1.149454796","rc":[{"ltp":1.62,"id":2404122},{"ltp":2.6,"id":3622052}]}]}
{"op":"mcm","clk":"7634110341","pt":1539363628182,"mc":[{"id":"1.149454796","rc":[{"ltp":1.61,"id":2404122},{"ltp":2.62,"id":3622052}]}]}
{"op":"mcm","clk":"7634117848","pt":1539363680924,"mc":[{"id":"1.149454796","rc":[{"ltp":1.62,"id":2404122},{"ltp":2.6,"id":3622052}]}]}
{"op":"mcm","clk":"7634127632","pt":1539363748532,"mc":[{"id":"1.149454796","rc":[{"ltp":1.61,"id":2404122}]}]}
{"op":"mcm","clk":"7634144746","pt":1539363866914,"mc":[{"id":"1.149454796","rc":[{"ltp":1.6,"id":2404122},{"ltp":2.64,"id":3622052}]}]}
{"op":"mcm","clk":"7634153466","pt":1539363928718,"mc":[{"id":"1.149454796","rc":[{"ltp":1.61,"id":2404122}]}]}
{"op":"mcm","clk":"7634162375","pt":1539363988248,"mc":[{"id":"1.149454796","rc":[{"ltp":1.6,"id":2404122},{"ltp":2.66,"id":3622052}]}]}
{"op":"mcm","clk":"7634182776","pt":1539364048529,"mc":[{"id":"1.149454796","rc":[{"ltp":1.61,"id":2404122}]}]}
{"op":"mcm","clk":"7634192553","pt":1539364109283,"mc":[{"id":"1.149454796","marketDefinition":{"bspMarket":false,"turnInPlayEnabled":true,"persistenceEnabled":true,"marketBaseRate":5.0,"eventId":"28951840","eventTypeId":"2","numberOfWinners":1,"bettingType":"ODDS","marketType":"MATCH_ODDS","marketTime":"2018-10-12T16:53:00.000Z","suspendTime":"2018-10-12T16:53:00.000Z","bspReconciled":false,"complete":true,"inPlay":true,"crossMatching":true,"runnersVoidable":false,"numberOfActiveRunners":2,"betDelay":5,"status":"OPEN","runners":[{"status":"ACTIVE","sortPriority":1,"id":2404122,"name":"Andrea Petkovic"},{"status":"ACTIVE","sortPriority":2,"id":3622052,"name":"Kristina Mladenovic"}],"regulators":["MR_INT"],"countryCode":"AT","discountAllowed":true,"timezone":"UTC","openDate":"2018-10-12T16:53:00.000Z","version":2451211044,"name":"Match Odds","eventName":"Petkovic v Mladenovic"},"rc":[{"ltp":1.56,"id":2404122},{"ltp":2.78,"id":3622052}]}]}
{"op":"mcm","clk":"7634202678","pt":1539364169737,"mc":[{"id":"1.149454796","rc":[{"ltp":1.58,"id":2404122},{"ltp":2.7,"id":3622052}]}]}
{"op":"mcm","clk":"7634212922","pt":1539364229180,"mc":[{"id":"1.149454796","rc":[{"ltp":1.65,"id":2404122},{"ltp":2.5,"id":3622052}]}]}
{"op":"mcm","clk":"7634223412","pt":1539364289483,"mc":[{"id":"1.149454796","rc":[{"ltp":1.59,"id":2404122}]}]}
{"op":"mcm","clk":"7634232838","pt":1539364349633,"mc":[{"id":"1.149454796","rc":[{"ltp":1.78,"id":2404122},{"ltp":2.38,"id":3622052}]}]}
{"op":"mcm","clk":"7634241956","pt":1539364409755,"mc":[{"id":"1.149454796","rc":[{"ltp":1.6,"id":2404122},{"ltp":2.68,"id":3622052}]}]}
{"op":"mcm","clk":"7634251835","pt":1539364469679,"mc":[{"id":"1.149454796","rc":[{"ltp":1.52,"id":2404122},{"ltp":2.88,"id":3622052}]}]}
{"op":"mcm","clk":"7634261977","pt":1539364529770,"mc":[{"id":"1.149454796","rc":[{"ltp":1.37,"id":2404122},{"ltp":3.6,"id":3622052}]}]}
{"op":"mcm","clk":"7634271429","pt":1539364589796,"mc":[{"id":"1.149454796","rc":[{"ltp":1.42,"id":2404122},{"ltp":3.3,"id":3622052}]}]}
{"op":"mcm","clk":"7634282003","pt":1539364649706,"mc":[{"id":"1.149454796","rc":[{"ltp":1.39,"id":2404122},{"ltp":3.5,"id":3622052}]}]}
{"op":"mcm","clk":"7634292146","pt":1539364709512,"mc":[{"id":"1.149454796","rc":[{"ltp":1.34,"id":2404122},{"ltp":4.0,"id":3622052}]}]}
{"op":"mcm","clk":"7634302662","pt":1539364769430,"mc":[{"id":"1.149454796","rc":[{"ltp":3.55,"id":3622052}]}]}
{"op":"mcm","clk":"7634312846","pt":1539364829780,"mc":[{"id":"1.149454796","rc":[{"ltp":1.3,"id":2404122},{"ltp":4.3,"id":3622052}]}]}
{"op":"mcm","clk":"7634322767","pt":1539364889700,"mc":[{"id":"1.149454796","rc":[{"ltp":1.31,"id":2404122},{"ltp":4.4,"id":3622052}]}]}
{"op":"mcm","clk":"7634343863","pt":1539364949458,"mc":[{"id":"1.149454796","rc":[{"ltp":1.28,"id":2404122},{"ltp":4.8,"id":3622052}]}]}
{"op":"mcm","clk":"7634353675","pt":1539365009633,"mc":[{"id":"1.149454796","rc":[{"ltp":1.25,"id":2404122},{"ltp":4.5,"id":3622052}]}]}
{"op":"mcm","clk":"7634362719","pt":1539365069279,"mc":[{"id":"1.149454796","rc":[{"ltp":1.29,"id":2404122},{"ltp":4.3,"id":3622052}]}]}
{"op":"mcm","clk":"7634373277","pt":1539365129445,"mc":[{"id":"1.149454796","rc":[{"ltp":1.31,"id":2404122},{"ltp":4.7,"id":3622052}]}]}
{"op":"mcm","clk":"7634382878","pt":1539365189388,"mc":[{"id":"1.149454796","rc":[{"ltp":1.27,"id":2404122},{"ltp":4.2,"id":3622052}]}]}
{"op":"mcm","clk":"7634392085","pt":1539365249574,"mc":[{"id":"1.149454796","rc":[{"ltp":1.26,"id":2404122},{"ltp":5.5,"id":3622052}]}]}
{"op":"mcm","clk":"7634400919","pt":1539365309268,"mc":[{"id":"1.149454796","rc":[{"ltp":1.19,"id":2404122},{"ltp":6.4,"id":3622052}]}]}
{"op":"mcm","clk":"7634409974","pt":1539365369728,"mc":[{"id":"1.149454796","rc":[{"ltp":1.18,"id":2404122}]}]}
{"op":"mcm","clk":"7634419601","pt":1539365429713,"mc":[{"id":"1.149454796","rc":[{"ltp":1.16,"id":2404122},{"ltp":7.4,"id":3622052}]}]}
{"op":"mcm","clk":"7634437462","pt":1539365548728,"mc":[{"id":"1.149454796","rc":[{"ltp":1.15,"id":2404122},{"ltp":8.0,"id":3622052}]}]}
{"op":"mcm","clk":"7634446496","pt":1539365609519,"mc":[{"id":"1.149454796","rc":[{"ltp":7.8,"id":3622052}]}]}
{"op":"mcm","clk":"7634464964","pt":1539365729234,"mc":[{"id":"1.149454796","rc":[{"ltp":1.17,"id":2404122},{"ltp":6.8,"id":3622052}]}]}
{"op":"mcm","clk":"7634474470","pt":1539365789657,"mc":[{"id":"1.149454796","rc":[{"ltp":1.15,"id":2404122}]}]}
{"op":"mcm","clk":"7634494913","pt":1539365849745,"mc":[{"id":"1.149454796","rc":[{"ltp":1.14,"id":2404122},{"ltp":8.0,"id":3622052}]}]}
{"op":"mcm","clk":"7634504225","pt":1539365909754,"mc":[{"id":"1.149454796","rc":[{"ltp":1.15,"id":2404122},{"ltp":7.6,"id":3622052}]}]}
{"op":"mcm","clk":"7634513919","pt":1539365969772,"mc":[{"id":"1.149454796","rc":[{"ltp":1.14,"id":2404122},{"ltp":8.8,"id":3622052}]}]}
{"op":"mcm","clk":"7634523333","pt":1539366029578,"mc":[{"id":"1.149454796","rc":[{"ltp":1.13,"id":2404122},{"ltp":9.4,"id":3622052}]}]}
{"op":"mcm","clk":"7634532421","pt":1539366089003,"mc":[{"id":"1.149454796","rc":[{"ltp":9.2,"id":3622052}]}]}
{"op":"mcm","clk":"7634541870","pt":1539366149321,"mc":[{"id":"1.149454796","rc":[{"ltp":1.12,"id":2404122},{"ltp":7.6,"id":3622052}]}]}
{"op":"mcm","clk":"7634551098","pt":1539366209512,"mc":[{"id":"1.149454796","rc":[{"ltp":8.0,"id":3622052}]}]}
{"op":"mcm","clk":"7634559881","pt":1539366269541,"mc":[{"id":"1.149454796","rc":[{"ltp":1.15,"id":2404122},{"ltp":7.6,"id":3622052}]}]}
{"op":"mcm","clk":"7634567999","pt":1539366329614,"mc":[{"id":"1.149454796","rc":[{"ltp":6.4,"id":3622052}]}]}
{"op":"mcm","clk":"7634576028","pt":1539366389314,"mc":[{"id":"1.149454796","rc":[{"ltp":1.13,"id":2404122},{"ltp":7.4,"id":3622052}]}]}
{"op":"mcm","clk":"7634584560","pt":1539366448580,"mc":[{"id":"1.149454796","rc":[{"ltp":1.17,"id":2404122},{"ltp":8.2,"id":3622052}]}]}
{"op":"mcm","clk":"7634593609","pt":1539366509724,"mc":[{"id":"1.149454796","rc":[{"ltp":1.12,"id":2404122},{"ltp":7.8,"id":3622052}]}]}
{"op":"mcm","clk":"7634602469","pt":1539366569566,"mc":[{"id":"1.149454796","rc":[{"ltp":1.14,"id":2404122},{"ltp":7.6,"id":3622052}]}]}
{"op":"mcm","clk":"7634611082","pt":1539366629177,"mc":[{"id":"1.149454796","rc":[{"ltp":1.21,"id":2404122},{"ltp":5.8,"id":3622052}]}]}
{"op":"mcm","clk":"7634639676","pt":1539366748987,"mc":[{"id":"1.149454796","rc":[{"ltp":1.18,"id":2404122},{"ltp":6.0,"id":3622052}]}]}
{"op":"mcm","clk":"7634647511","pt":1539366809664,"mc":[{"id":"1.149454796","rc":[{"ltp":1.16,"id":2404122},{"ltp":7.2,"id":3622052}]}]}
{"op":"mcm","clk":"7634663353","pt":1539366929787,"mc":[{"id":"1.149454796","rc":[{"ltp":1.15,"id":2404122},{"ltp":7.8,"id":3622052}]}]}
{"op":"mcm","clk":"7634670465","pt":1539366989617,"mc":[{"id":"1.149454796","rc":[{"ltp":7.6,"id":3622052}]}]}
{"op":"mcm","clk":"7634677511","pt":1539367049536,"mc":[{"id":"1.149454796","rc":[{"ltp":1.22,"id":2404122},{"ltp":5.6,"id":3622052}]}]}
{"op":"mcm","clk":"7634685012","pt":1539367109723,"mc":[{"id":"1.149454796","rc":[{"ltp":1.23,"id":2404122},{"ltp":5.3,"id":3622052}]}]}
{"op":"mcm","clk":"7634694154","pt":1539367169701,"mc":[{"id":"1.149454796","rc":[{"ltp":1.32,"id":2404122},{"ltp":4.7,"id":3622052}]}]}
{"op":"mcm","clk":"7634703415","pt":1539367229682,"mc":[{"id":"1.149454796","rc":[{"ltp":1.25,"id":2404122},{"ltp":4.4,"id":3622052}]}]}
{"op":"mcm","clk":"7634712378","pt":1539367289774,"mc":[{"id":"1.149454796","rc":[{"ltp":1.24,"id":2404122},{"ltp":5.3,"id":3622052}]}]}
{"op":"mcm","clk":"7634721447","pt":1539367349441,"mc":[{"id":"1.149454796","rc":[{"ltp":1.21,"id":2404122},{"ltp":5.7,"id":3622052}]}]}
{"op":"mcm","clk":"7634729987","pt":1539367409457,"mc":[{"id":"1.149454796","rc":[{"ltp":1.18,"id":2404122},{"ltp":6.4,"id":3622052}]}]}
{"op":"mcm","clk":"7634738556","pt":1539367469511,"mc":[{"id":"1.149454796","rc":[{"ltp":1.12,"id":2404122},{"ltp":9.0,"id":3622052}]}]}
{"op":"mcm","clk":"7634747542","pt":1539367529438,"mc":[{"id":"1.149454796","rc":[{"ltp":1.08,"id":2404122},{"ltp":12.0,"id":3622052}]}]}
{"op":"mcm","clk":"7634756983","pt":1539367589575,"mc":[{"id":"1.149454796","rc":[{"ltp":14.5,"id":3622052}]}]}
{"op":"mcm","clk":"7634777899","pt":1539367649462,"mc":[{"id":"1.149454796","rc":[{"ltp":1.07,"id":2404122},{"ltp":17.5,"id":3622052}]}]}
{"op":"mcm","clk":"7634787457","pt":1539367709693,"mc":[{"id":"1.149454796","rc":[{"ltp":1.06,"id":2404122},{"ltp":18.0,"id":3622052}]}]}
{"op":"mcm","clk":"7634796839","pt":1539367769625,"mc":[{"id":"1.149454796","rc":[{"ltp":1.05,"id":2404122},{"ltp":21.0,"id":3622052}]}]}
{"op":"mcm","clk":"7634806294","pt":1539367829756,"mc":[{"id":"1.149454796","rc":[{"ltp":22.0,"id":3622052}]}]}
{"op":"mcm","clk":"7634815201","pt":1539367889528,"mc":[{"id":"1.149454796","rc":[{"ltp":1.03,"id":2404122},{"ltp":46.0,"id":3622052}]}]}
{"op":"mcm","clk":"7634824305","pt":1539367949601,"mc":[{"id":"1.149454796","rc":[{"ltp":1.01,"id":2404122},{"ltp":70.0,"id":3622052}]}]}
{"op":"mcm","clk":"7634833313","pt":1539368009782,"mc":[{"id":"1.149454796","rc":[{"ltp":200.0,"id":3622052}]}]}
{"op":"mcm","clk":"7634842603","pt":1539368068783,"mc":[{"id":"1.149454796","rc":[{"ltp":100.0,"id":3622052}]}]}
{"op":"mcm","clk":"7634852258","pt":1539368128917,"mc":[{"id":"1.149454796","rc":[{"ltp":1.03,"id":2404122},{"ltp":40.0,"id":3622052}]}]}
{"op":"mcm","clk":"7634861672","pt":1539368189321,"mc":[{"id":"1.149454796","rc":[{"ltp":36.0,"id":3622052}]}]}
{"op":"mcm","clk":"7634870907","pt":1539368249498,"mc":[{"id":"1.149454796","rc":[{"ltp":1.01,"id":2404122},{"ltp":75.0,"id":3622052}]}]}
{"op":"mcm","clk":"7634879256","pt":1539368306648,"mc":[{"id":"1.149454796","marketDefinition":{"bspMarket":false,"turnInPlayEnabled":true,"persistenceEnabled":true,"marketBaseRate":5.0,"eventId":"28951840","eventTypeId":"2","numberOfWinners":1,"bettingType":"ODDS","marketType":"MATCH_ODDS","marketTime":"2018-10-12T16:53:00.000Z","suspendTime":"2018-10-12T16:53:00.000Z","bspReconciled":false,"complete":true,"inPlay":true,"crossMatching":true,"runnersVoidable":false,"numberOfActiveRunners":2,"betDelay":5,"status":"SUSPENDED","runners":[{"status":"ACTIVE","sortPriority":1,"id":2404122,"name":"Andrea Petkovic"},{"status":"ACTIVE","sortPriority":2,"id":3622052,"name":"Kristina Mladenovic"}],"regulators":["MR_INT"],"countryCode":"AT","discountAllowed":true,"timezone":"UTC","openDate":"2018-10-12T16:53:00.000Z","version":2451422551,"name":"Match Odds","eventName":"Petkovic v Mladenovic"},"rc":[{"ltp":100.0,"id":3622052}]}]}
{"op":"mcm","clk":"7634886444","pt":1539368354033,"mc":[{"id":"1.149454796","marketDefinition":{"bspMarket":false,"turnInPlayEnabled":true,"persistenceEnabled":true,"marketBaseRate":5.0,"eventId":"28951840","eventTypeId":"2","numberOfWinners":1,"bettingType":"ODDS","marketType":"MATCH_ODDS","marketTime":"2018-10-12T16:53:00.000Z","suspendTime":"2018-10-12T16:53:00.000Z","bspReconciled":false,"complete":true,"inPlay":true,"crossMatching":false,"runnersVoidable":false,"numberOfActiveRunners":0,"betDelay":5,"status":"CLOSED","settledTime":"2018-10-12T18:18:51.000Z","runners":[{"status":"WINNER","sortPriority":1,"id":2404122,"name":"Andrea Petkovic"},{"status":"LOSER","sortPriority":2,"id":3622052,"name":"Kristina Mladenovic"}],"regulators":["MR_INT"],"countryCode":"AT","discountAllowed":true,"timezone":"UTC","openDate":"2018-10-12T16:53:00.000Z","version":2451423553,"name":"Match Odds","eventName":"Petkovic v Mladenovic"}}]}
