{"op":"mcm","clk":"7750457920","pt":1539900278878,"mc":[{"id":"1.149810696","marketDefinition":{"bspMarket":false,"turnInPlayEnabled":true,"persistenceEnabled":true,"marketBaseRate":5.0,"eventId":"28963797","eventTypeId":"2","numberOfWinners":1,"bettingType":"ODDS","marketType":"MATCH_ODDS","marketTime":"2018-10-19T16:30:00.000Z","suspendTime":"2018-10-19T16:30:00.000Z","bspReconciled":false,"complete":true,"inPlay":false,"crossMatching":true,"runnersVoidable":false,"numberOfActiveRunners":2,"betDelay":0,"status":"OPEN","runners":[{"status":"ACTIVE","sortPriority":1,"id":4596957,"name":"Jack Sock"},{"status":"ACTIVE","sortPriority":2,"id":2257536,"name":"Ernests Gulbis"}],"regulators":["MR_INT"],"countryCode":"SE","discountAllowed":true,"timezone":"UTC","openDate":"2018-10-19T16:30:00.000Z","version":2460982312,"name":"Match Odds","eventName":"Sock v Gulbis"}}]}
{"op":"mcm","clk":"7750889518","pt":1539907014744,"mc":[{"id":"1.149810696","rc":[{"ltp":1.87,"id":4596957}]}]}
{"op":"mcm","clk":"7750898138","pt":1539907234483,"mc":[{"id":"1.149810696","rc":[{"ltp":1.85,"id":4596957}]}]}
{"op":"mcm","clk":"7750921457","pt":1539907367096,"mc":[{"id":"1.149810696","rc":[{"ltp":1.81,"id":4596957}]}]}
{"op":"mcm","clk":"7751064044","pt":1539909525170,"mc":[{"id":"1.149810696","rc":[{"ltp":2.1,"id":2257536}]}]}
{"op":"mcm","clk":"7751360853","pt":1539913521670,"mc":[{"id":"1.149810696","rc":[{"ltp":1.9,"id":4596957}]}]}
{"op":"mcm","clk":"7751493839","pt":1539915261344,"mc":[{"id":"1.149810696","rc":[{"ltp":2.04,"id":2257536},{"ltp":1.96,"id":4596957}]}]}
{"op":"mcm","clk":"7751564369","pt":1539916233796,"mc":[{"id":"1.149810696","rc":[{"ltp":1.9,"id":4596957}]}]}
{"op":"mcm","clk":"7751722669","pt":1539918275491,"mc":[{"id":"1.149810696","rc":[{"ltp":2.0,"id":2257536}]}]}
{"op":"mcm","clk":"7751753712","pt":1539918921263,"mc":[{"id":"1.149810696","rc":[{"ltp":2.0,"id":4596957}]}]}
{"op":"mcm","clk":"7751758947","pt":1539919009089,"mc":[{"id":"1.149810696","rc":[{"ltp":2.06,"id":2257536},{"ltp":1.94,"id":4596957}]}]}
{"op":"mcm","clk":"7751794892","pt":1539919367688,"mc":[{"id":"1.149810696","rc":[{"ltp":2.1,"id":2257536},{"ltp":1.9,"id":4596957}]}]}
{"op":"mcm","clk":"7751817419","pt":1539919875107,"mc":[{"id":"1.149810696","rc":[{"ltp":2.02,"id":2257536},{"ltp":1.98,"id":4596957}]}]}
{"op":"mcm","clk":"7751931886","pt":1539921695345,"mc":[{"id":"1.149810696","rc":[{"ltp":2.0,"id":2257536},{"ltp":2.0,"id":4596957}]}]}
{"op":"mcm","clk":"7752037186","pt":1539923165302,"mc":[{"id":"1.149810696","rc":[{"ltp":2.02,"id":2257536}]}]}
{"op":"mcm","clk":"7752347759","pt":1539927217253,"mc":[{"id":"1.149810696","rc":[{"ltp":1.99,"id":2257536}]}]}
{"op":"mcm","clk":"7752404861","pt":1539928012607,"mc":[{"id":"1.149810696","rc":[{"ltp":2.02,"id":2257536},{"ltp":1.97,"id":4596957}]}]}
{"op":"mcm","clk":"7752428187","pt":1539928116904,"mc":[{"id":"1.149810696","rc":[{"ltp":1.98,"id":2257536}]}]}
{"op":"mcm","clk":"7752601705","pt":1539930048779,"mc":[{"id":"1.149810696","rc":[{"ltp":1.97,"id":2257536},{"ltp":2.02,"id":4596957}]}]}
{"op":"mcm","clk":"7752635357","pt":1539930621763,"mc":[{"id":"1.149810696","rc":[{"ltp":2.0,"id":4596957}]}]}
{"op":"mcm","clk":"7752698014","pt":1539931295997,"mc":[{"id":"1.149810696","rc":[{"ltp":1.96,"id":2257536},{"ltp":2.04,"id":4596957}]}]}
{"op":"mcm","clk":"7752738718","pt":1539931689175,"mc":[{"id":"1.149810696","rc":[{"ltp":2.02,"id":4596957}]}]}
{"op":"mcm","clk":"7752776576","pt":1539932352786,"mc":[{"id":"1.149810696","rc":[{"ltp":2.06,"id":4596957}]}]}
{"op":"mcm","clk":"7752785567","pt":1539932515213,"mc":[{"id":"1.149810696","rc":[{"ltp":2.02,"id":4596957}]}]}
{"op":"mcm","clk":"7752805906","pt":1539932572587,"mc":[{"id":"1.149810696","rc":[{"ltp":1.95,"id":2257536},{"ltp":2.04,"id":4596957}]}]}
{"op":"mcm","clk":"7752808486","pt":1539932622699,"mc":[{"id":"1.149810696","rc":[{"ltp":1.94,"id":2257536},{"ltp":2.06,"id":4596957}]}]}
{"op":"mcm","clk":"7752877992","pt":1539933453161,"mc":[{"id":"1.149810696","rc":[{"ltp":1.93,"id":2257536},{"ltp":2.08,"id":4596957}]}]}
{"op":"mcm","clk":"7752887376","pt":1539933591438,"mc":[{"id":"1.149810696","rc":[{"ltp":1.91,"id":2257536},{"ltp":2.1,"id":4596957}]}]}
{"op":"mcm","clk":"7752898532","pt":1539933770700,"mc":[{"id":"1.149810696","rc":[{"ltp":1.96,"id":2257536}]}]}
{"op":"mcm","clk":"7752920444","pt":1539934128969,"mc":[{"id":"1.149810696","rc":[{"ltp":1.9,"id":2257536}]}]}
{"op":"mcm","clk":"7752924971","pt":1539934192296,"mc":[{"id":"1.149810696","rc":[{"ltp":1.89,"id":2257536},{"ltp":2.12,"id":4596957}]}]}
{"op":"mcm","clk":"7752993023","pt":1539934828738,"mc":[{"id":"1.149810696","rc":[{"ltp":2.08,"id":4596957}]}]}
{"op":"mcm","clk":"7753003592","pt":1539934942884,"mc":[{"id":"1.149810696","rc":[{"ltp":1.87,"id":2257536}]}]}
{"op":"mcm","clk":"7753128456","pt":1539936102824,"mc":[{"id":"1.149810696","rc":[{"ltp":1.81,"id":2257536},{"ltp":2.18,"id":4596957}]}]}
{"op":"mcm","clk":"7753188194","pt":1539936555475,"mc":[{"id":"1.149810696","rc":[{"ltp":1.84,"id":2257536}]}]}
{"op":"mcm","clk":"7753255624","pt":1539937070269,"mc":[{"id":"1.149810696","rc":[{"ltp":1.83,"id":2257536}]}]}
{"op":"mcm","clk":"7753313914","pt":1539937716151,"mc":[{"id":"1.149810696","rc":[{"ltp":1.86,"id":2257536},{"ltp":2.16,"id":4596957}]}]}
{"op":"mcm","clk":"7753402904","pt":1539938468281,"mc":[{"id":"1.149810696","rc":[{"ltp":1.83,"id":2257536}]}]}
{"op":"mcm","clk":"7753423364","pt":1539938680535,"mc":[{"id":"1.149810696","rc":[{"ltp":2.2,"id":4596957}]}]}
{"op":"mcm","clk":"7753426130","pt":1539938709958,"mc":[{"id":"1.149810696","rc":[{"ltp":1.85,"id":2257536}]}]}
{"op":"mcm","clk":"7753465205","pt":1539938902248,"mc":[{"id":"1.149810696","rc":[{"ltp":1.81,"id":2257536}]}]}
{"op":"mcm","clk":"7753524538","pt":1539939569736,"mc":[{"id":"1.149810696","rc":[{"ltp":1.84,"id":2257536}]}]}
{"op":"mcm","clk":"7753537496","pt":1539939708580,"mc":[{"id":"1.149810696","rc":[{"ltp":1.81,"id":2257536}]}]}
{"op":"mcm","clk":"7753568258","pt":1539939829103,"mc":[{"id":"1.149810696","rc":[{"ltp":1.83,"id":2257536}]}]}
{"op":"mcm","clk":"7753642048","pt":1539940493216,"mc":[{"id":"1.149810696","rc":[{"ltp":1.8,"id":2257536},{"ltp":2.24,"id":4596957}]}]}
{"op":"mcm","clk":"7753649101","pt":1539940554971,"mc":[{"id":"1.149810696","rc":[{"ltp":2.26,"id":4596957}]}]}
{"op":"mcm","clk":"7753774705","pt":1539941431571,"mc":[{"id":"1.149810696","rc":[{"ltp":1.79,"id":2257536}]}]}
{"op":"mcm","clk":"7753779946","pt":1539941476576,"mc":[{"id":"1.149810696","rc":[{"ltp":1.78,"id":2257536}]}]}
{"op":"mcm","clk":"7753870219","pt":1539942104194,"mc":[{"id":"1.149810696","rc":[{"ltp":1.79,"id":2257536}]}]}
{"op":"mcm","clk":"7753907220","pt":1539942411063,"mc":[{"id":"1.149810696","rc":[{"ltp":1.8,"id":2257536}]}]}
{"op":"mcm","clk":"7753936702","pt":1539942510544,"mc":[{"id":"1.149810696","rc":[{"ltp":2.24,"id":4596957}]}]}
{"op":"mcm","clk":"7754002762","pt":1539943116159,"mc":[{"id":"1.149810696","rc":[{"ltp":1.78,"id":2257536},{"ltp":2.28,"id":4596957}]}]}
{"op":"mcm","clk":"7754149410","pt":1539944168900,"mc":[{"id":"1.149810696","rc":[{"ltp":1.79,"id":2257536}]}]}
{"op":"mcm","clk":"7754229849","pt":1539944734284,"mc":[{"id":"1.149810696","rc":[{"ltp":1.78,"id":2257536}]}]}
{"op":"mcm","clk":"7754275396","pt":1539945101592,"mc":[{"id":"1.149810696","rc":[{"ltp":2.3,"id":4596957}]}]}
{"op":"mcm","clk":"7754313973","pt":1539945269072,"mc":[{"id":"1.149810696","rc":[{"ltp":2.26,"id":4596957}]}]}
{"op":"mcm","clk":"7754387719","pt":1539945859203,"mc":[{"id":"1.149810696","rc":[{"ltp":1.79,"id":2257536}]}]}
{"op":"mcm","clk":"7754448123","pt":1539946208505,"mc":[{"id":"1.149810696","rc":[{"ltp":1.78,"id":2257536}]}]}
{"op":"mcm","clk":"7754458850","pt":1539946310700,"mc":[{"id":"1.149810696","rc":[{"ltp":2.28,"id":4596957}]}]}
{"op":"mcm","clk":"7754598701","pt":1539947271751,"mc":[{"id":"1.149810696","rc":[{"ltp":1.75,"id":2257536},{"ltp":2.32,"id":4596957}]}]}
{"op":"mcm","clk":"7754674361","pt":1539947738904,"mc":[{"id":"1.149810696","rc":[{"ltp":2.28,"id":4596957}]}]}
{"op":"mcm","clk":"7754913630","pt":1539949135124,"mc":[{"id":"1.149810696","rc":[{"ltp":2.3,"id":4596957}]}]}
{"op":"mcm","clk":"7755019524","pt":1539949702832,"mc":[{"id":"1.149810696","rc":[{"ltp":1.76,"id":2257536}]}]}
{"op":"mcm","clk":"7755118561","pt":1539950348156,"mc":[{"id":"1.149810696","rc":[{"ltp":1.77,"id":2257536}]}]}
{"op":"mcm","clk":"7755197744","pt":1539950805487,"mc":[{"id":"1.149810696","rc":[{"ltp":1.76,"id":2257536}]}]}
{"op":"mcm","clk":"7755275641","pt":1539951370200,"mc":[{"id":"1.149810696","rc":[{"ltp":1.77,"id":2257536}]}]}
{"op":"mcm","clk":"7755314443","pt":1539951518651,"mc":[{"id":"1.149810696","rc":[{"ltp":1.78,"id":2257536}]}]}
{"op":"mcm","clk":"7755331967","pt":1539951655159,"mc":[{"id":"1.149810696","rc":[{"ltp":1.75,"id":2257536},{"ltp":2.32,"id":4596957}]}]}
{"op":"mcm","clk":"7755335901","pt":1539951683357,"mc":[{"id":"1.149810696","rc":[{"ltp":1.76,"id":2257536}]}]}
{"op":"mcm","clk":"7755586220","pt":1539953335180,"mc":[{"id":"1.149810696","rc":[{"ltp":1.77,"id":2257536},{"ltp":2.3,"id":4596957}]}]}
{"op":"mcm","clk":"7755733040","pt":1539954323586,"mc":[{"id":"1.149810696","rc":[{"ltp":1.78,"id":2257536}]}]}
{"op":"mcm","clk":"7755752199","pt":1539954474702,"mc":[{"id":"1.149810696","rc":[{"ltp":2.26,"id":4596957}]}]}
{"op":"mcm","clk":"7755791494","pt":1539954769192,"mc":[{"id":"1.149810696","rc":[{"ltp":1.79,"id":2257536}]}]}
{"op":"mcm","clk":"7755795760","pt":1539954802748,"mc":[{"id":"1.149810696","rc":[{"ltp":1.78,"id":2257536}]}]}
{"op":"mcm","clk":"7755806550","pt":1539954893776,"mc":[{"id":"1.149810696","rc":[{"ltp":2.28,"id":4596957}]}]}
{"op":"mcm","clk":"7755808663","pt":1539954911889,"mc":[{"id":"1.149810696","rc":[{"ltp":1.77,"id":2257536}]}]}
{"op":"mcm","clk":"7755819692","pt":1539955003523,"mc":[{"id":"1.149810696","rc":[{"ltp":1.78,"id":2257536}]}]}
{"op":"mcm","clk":"7755896078","pt":1539955528889,"mc":[{"id":"1.149810696","rc":[{"ltp":2.26,"id":4596957}]}]}
{"op":"mcm","clk":"7755940535","pt":1539955845246,"mc":[{"id":"1.149810696","rc":[{"ltp":1.77,"id":2257536}]}]}
{"op":"mcm","clk":"7755972870","pt":1539955946620,"mc":[{"id":"1.149810696","rc":[{"ltp":1.78,"id":2257536}]}]}
{"op":"mcm","clk":"7755984474","pt":1539956030875,"mc":[{"id":"1.149810696","rc":[{"ltp":1.79,"id":2257536},{"ltp":2.28,"id":4596957}]}]}
{"op":"mcm","clk":"7756000626","pt":1539956154177,"mc":[{"id":"1.149810696","rc":[{"ltp":1.8,"id":2257536},{"ltp":2.24,"id":4596957}]}]}
{"op":"mcm","clk":"7756058590","pt":1539956635174,"mc":[{"id":"1.149810696","rc":[{"ltp":2.22,"id":4596957}]}]}
{"op":"mcm","clk":"7756065747","pt":1539956694390,"mc":[{"id":"1.149810696","rc":[{"ltp":1.81,"id":2257536},{"ltp":2.24,"id":4596957}]}]}
{"op":"mcm","clk":"7756127598","pt":1539957054621,"mc":[{"id":"1.149810696","rc":[{"ltp":1.8,"id":2257536}]}]}
{"op":"mcm","clk":"7756133246","pt":1539957099463,"mc":[{"id":"1.149810696","rc":[{"ltp":1.81,"id":2257536}]}]}
{"op":"mcm","clk":"7756155771","pt":1539957291525,"mc":[{"id":"1.149810696","rc":[{"ltp":1.83,"id":2257536},{"ltp":2.22,"id":4596957}]}]}
{"op":"mcm","clk":"7756162937","pt":1539957352973,"mc":[{"id":"1.149810696","rc":[{"ltp":1.84,"id":2257536},{"ltp":2.18,"id":4596957}]}]}
{"op":"mcm","clk":"7756170013","pt":1539957413914,"mc":[{"id":"1.149810696","rc":[{"ltp":2.2,"id":4596957}]}]}
{"op":"mcm","clk":"7756199083","pt":1539957654249,"mc":[{"id":"1.149810696","rc":[{"ltp":1.82,"id":2257536},{"ltp":2.22,"id":4596957}]}]}
{"op":"mcm","clk":"7756207208","pt":1539957715099,"mc":[{"id":"1.149810696","rc":[{"ltp":1.86,"id":2257536},{"ltp":2.16,"id":4596957}]}]}
{"op":"mcm","clk":"7756232314","pt":1539957770691,"mc":[{"id":"1.149810696","rc":[{"ltp":1.85,"id":2257536}]}]}
{"op":"mcm","clk":"7756240397","pt":1539957834610,"mc":[{"id":"1.149810696","rc":[{"ltp":1.86,"id":2257536}]}]}
{"op":"mcm","clk":"7756245910","pt":1539957873823,"mc":[{"id":"1.149810696","rc":[{"ltp":1.85,"id":2257536},{"ltp":2.18,"id":4596957}]}]}
{"op":"mcm","clk":"7756273888","pt":1539958075163,"mc":[{"id":"1.149810696","rc":[{"ltp":1.84,"id":2257536}]}]}
{"op":"mcm","clk":"7756279960","pt":1539958117810,"mc":[{"id":"1.149810696","rc":[{"ltp":1.85,"id":2257536},{"ltp":2.16,"id":4596957}]}]}
{"op":"mcm","clk":"7756289513","pt":1539958184905,"mc":[{"id":"1.149810696","rc":[{"ltp":1.84,"id":2257536}]}]}
{"op":"mcm","clk":"7756299113","pt":1539958255174,"mc":[{"id":"1.149810696","rc":[{"ltp":1.85,"id":2257536}]}]}
{"op":"mcm","clk":"7756307176","pt":1539958315181,"mc":[{"id":"1.149810696","rc":[{"ltp":1.87,"id":2257536},{"ltp":2.12,"id":4596957}]}]}
{"op":"mcm","clk":"7756315261","pt":1539958375107,"mc":[{"id":"1.149810696","rc":[{"ltp":1.88,"id":2257536},{"ltp":2.16,"id":4596957}]}]}
{"op":"mcm","clk":"7756323684","pt":1539958435039,"mc":[{"id":"1.149810696","rc":[{"ltp":1.86,"id":2257536}]}]}
{"op":"mcm","clk":"7756373295","pt":1539958652713,"mc":[{"id":"1.149810696","rc":[{"ltp":1.87,"id":2257536}]}]}
{"op":"mcm","clk":"7756469324","pt":1539959383537,"mc":[{"id":"1.149810696","rc":[{"ltp":2.14,"id":4596957}]}]}
{"op":"mcm","clk":"7756682195","pt":1539960567762,"mc":[{"id":"1.149810696","rc":[{"ltp":1.86,"id":2257536}]}]}
{"op":"mcm","clk":"7756689012","pt":1539960614680,"mc":[{"id":"1.149810696","rc":[{"ltp":1.87,"id":2257536}]}]}
{"op":"mcm","clk":"7756759563","pt":1539961132263,"mc":[{"id":"1.149810696","rc":[{"ltp":1.88,"id":2257536}]}]}
{"op":"mcm","clk":"7756767533","pt":1539961194081,"mc":[{"id":"1.149810696","rc":[{"ltp":2.16,"id":4596957}]}]}
{"op":"mcm","clk":"7756774521","pt":1539961244647,"mc":[{"id":"1.149810696","rc":[{"ltp":2.14,"id":4596957}]}]}
{"op":"mcm","clk":"7756810666","pt":1539961356410,"mc":[{"id":"1.149810696","rc":[{"ltp":1.89,"id":2257536}]}]}
{"op":"mcm","clk":"7756840149","pt":1539961554781,"mc":[{"id":"1.149810696","rc":[{"ltp":2.16,"id":4596957}]}]}
{"op":"mcm","clk":"7756858210","pt":1539961674131,"mc":[{"id":"1.149810696","rc":[{"ltp":1.88,"id":2257536},{"ltp":2.14,"id":4596957}]}]}
{"op":"mcm","clk":"7756866206","pt":1539961728619,"mc":[{"id":"1.149810696","rc":[{"ltp":2.16,"id":4596957}]}]}
{"op":"mcm","clk":"7756876070","pt":1539961795186,"mc":[{"id":"1.149810696","rc":[{"ltp":2.14,"id":4596957}]}]}
{"op":"mcm","clk":"7756882668","pt":1539961846376,"mc":[{"id":"1.149810696","rc":[{"ltp":1.86,"id":2257536}]}]}
{"op":"mcm","clk":"7756907615","pt":1539962024154,"mc":[{"id":"1.149810696","rc":[{"ltp":1.88,"id":2257536},{"ltp":2.18,"id":4596957}]}]}
{"op":"mcm","clk":"7756926873","pt":1539962150071,"mc":[{"id":"1.149810696","rc":[{"ltp":1.87,"id":2257536},{"ltp":2.16,"id":4596957}]}]}
{"op":"mcm","clk":"7756966914","pt":1539962302442,"mc":[{"id":"1.149810696","rc":[{"ltp":1.85,"id":2257536}]}]}
{"op":"mcm","clk":"7756980939","pt":1539962392275,"mc":[{"id":"1.149810696","rc":[{"ltp":1.87,"id":2257536},{"ltp":2.18,"id":4596957}]}]}
{"op":"mcm","clk":"7756991740","pt":1539962449323,"mc":[{"id":"1.149810696","rc":[{"ltp":2.16,"id":4596957}]}]}
{"op":"mcm","clk":"7757013474","pt":1539962559298,"mc":[{"id":"1.149810696","rc":[{"ltp":1.86,"id":2257536}]}]}
{"op":"mcm","clk":"7757035743","pt":1539962695117,"mc":[{"id":"1.149810696","rc":[{"ltp":1.82,"id":2257536},{"ltp":2.2,"id":4596957}]}]}
{"op":"mcm","clk":"7757045751","pt":1539962755142,"mc":[{"id":"1.149810696","rc":[{"ltp":1.78,"id":2257536},{"ltp":2.32,"id":4596957}]}]}
{"op":"mcm","clk":"7757055544","pt":1539962806106,"mc":[{"id":"1.149810696","rc":[{"ltp":1.79,"id":2257536},{"ltp":2.26,"id":4596957}]}]}
{"op":"mcm","clk":"7757079519","pt":1539962931194,"mc":[{"id":"1.149810696","rc":[{"ltp":1.8,"id":2257536}]}]}
{"op":"mcm","clk":"7757099517","pt":1539963044565,"mc":[{"id":"1.149810696","rc":[{"ltp":1.81,"id":2257536},{"ltp":2.22,"id":4596957}]}]}
{"op":"mcm","clk":"7757108422","pt":1539963101703,"mc":[{"id":"1.149810696","rc":[{"ltp":2.24,"id":4596957}]}]}
{"op":"mcm","clk":"7757137794","pt":1539963174740,"mc":[{"id":"1.149810696","rc":[{"ltp":1.84,"id":2257536},{"ltp":2.2,"id":4596957}]}]}
{"op":"mcm","clk":"7757145862","pt":1539963227380,"mc":[{"id":"1.149810696","rc":[{"ltp":2.18,"id":4596957}]}]}
{"op":"mcm","clk":"7757156486","pt":1539963294954,"mc":[{"id":"1.149810696","rc":[{"ltp":1.85,"id":2257536}]}]}
{"op":"mcm","clk":"7757172835","pt":1539963405563,"mc":[{"id":"1.149810696","rc":[{"ltp":1.84,"id":2257536}]}]}
{"op":"mcm","clk":"7757191874","pt":1539963535192,"mc":[{"id":"1.149810696","rc":[{"ltp":2.2,"id":4596957}]}]}
{"op":"mcm","clk":"7757209182","pt":1539963655152,"mc":[{"id":"1.149810696","rc":[{"ltp":1.81,"id":2257536},{"ltp":2.22,"id":4596957}]}]}
{"op":"mcm","clk":"7757244143","pt":1539963892021,"mc":[{"id":"1.149810696","rc":[{"ltp":2.24,"id":4596957}]}]}
{"op":"mcm","clk":"7757262395","pt":1539964015168,"mc":[{"id":"1.149810696","rc":[{"ltp":1.8,"id":2257536}]}]}
{"op":"mcm","clk":"7757289105","pt":1539964069873,"mc":[{"id":"1.149810696","rc":[{"ltp":1.81,"id":2257536}]}]}
{"op":"mcm","clk":"7757297328","pt":1539964126803,"mc":[{"id":"1.149810696","rc":[{"ltp":1.8,"id":2257536}]}]}
{"op":"mcm","clk":"7757321874","pt":1539964314672,"mc":[{"id":"1.149810696","rc":[{"ltp":1.81,"id":2257536}]}]}
{"op":"mcm","clk":"7757342296","pt":1539964484985,"mc":[{"id":"1.149810696","rc":[{"ltp":2.22,"id":4596957}]}]}
{"op":"mcm","clk":"7757359272","pt":1539964615083,"mc":[{"id":"1.149810696","rc":[{"ltp":1.82,"id":2257536}]}]}
{"op":"mcm","clk":"7757367738","pt":1539964675187,"mc":[{"id":"1.149810696","rc":[{"ltp":1.93,"id":2257536},{"ltp":2.16,"id":4596957}]}]}
{"op":"mcm","clk":"7757376331","pt":1539964735162,"mc":[{"id":"1.149810696","rc":[{"ltp":1.86,"id":2257536}]}]}
{"op":"mcm","clk":"7757385357","pt":1539964794858,"mc":[{"id":"1.149810696","rc":[{"ltp":1.84,"id":2257536},{"ltp":2.2,"id":4596957}]}]}
{"op":"mcm","clk":"7757394652","pt":1539964851971,"mc":[{"id":"1.149810696","rc":[{"ltp":1.82,"id":2257536}]}]}
{"op":"mcm","clk":"7757441218","pt":1539965016701,"mc":[{"id":"1.149810696","rc":[{"ltp":1.84,"id":2257536}]}]}
{"op":"mcm","clk":"7757480754","pt":1539965255512,"mc":[{"id":"1.149810696","rc":[{"ltp":1.82,"id":2257536}]}]}
{"op":"mcm","clk":"7757500234","pt":1539965385604,"mc":[{"id":"1.149810696","rc":[{"ltp":1.83,"id":2257536}]}]}
{"op":"mcm","clk":"7757507809","pt":1539965437183,"mc":[{"id":"1.149810696","rc":[{"ltp":1.82,"id":2257536},{"ltp":2.22,"id":4596957}]}]}
{"op":"mcm","clk":"7757516769","pt":1539965500617,"mc":[{"id":"1.149810696","rc":[{"ltp":1.83,"id":2257536}]}]}
{"op":"mcm","clk":"7757523608","pt":1539965546573,"mc":[{"id":"1.149810696","rc":[{"ltp":1.82,"id":2257536}]}]}
{"op":"mcm","clk":"7757536589","pt":1539965628542,"mc":[{"id":"1.149810696","rc":[{"ltp":1.87,"id":2257536},{"ltp":2.18,"id":4596957}]}]}
{"op":"mcm","clk":"7757547648","pt":1539965694721,"mc":[{"id":"1.149810696","rc":[{"ltp":2.16,"id":4596957}]}]}
{"op":"mcm","clk":"7757558019","pt":1539965755217,"mc":[{"id":"1.149810696","rc":[{"ltp":1.88,"id":2257536},{"ltp":2.14,"id":4596957}]}]}
{"op":"mcm","clk":"7757567222","pt":1539965812571,"mc":[{"id":"1.149810696","rc":[{"ltp":1.85,"id":2257536},{"ltp":2.16,"id":4596957}]}]}
{"op":"mcm","clk":"7757606128","pt":1539965931295,"mc":[{"id":"1.149810696","rc":[{"ltp":1.87,"id":2257536}]}]}
{"op":"mcm","clk":"7757612050","pt":1539965967990,"mc":[{"id":"1.149810696","rc":[{"ltp":1.85,"id":2257536}]}]}
{"op":"mcm","clk":"7757635738","pt":1539966115141,"mc":[{"id":"1.149810696","rc":[{"ltp":1.83,"id":2257536},{"ltp":2.18,"id":4596957}]}]}
{"op":"mcm","clk":"7757643113","pt":1539966159623,"mc":[{"id":"1.149810696","rc":[{"ltp":2.2,"id":4596957}]}]}
{"op":"mcm","clk":"7757655964","pt":1539966234664,"mc":[{"id":"1.149810696","marketDefinition":{"bspMarket":false,"turnInPlayEnabled":true,"persistenceEnabled":true,"marketBaseRate":5.0,"eventId":"28963797","eventTypeId":"2","numberOfWinners":1,"bettingType":"ODDS","marketType":"MATCH_ODDS","marketTime":"2018-10-19T16:21:00.000Z","suspendTime":"2018-10-19T16:21:00.000Z","bspReconciled":false,"complete":true,"inPlay":false,"crossMatching":true,"runnersVoidable":false,"numberOfActiveRunners":2,"betDelay":0,"status":"OPEN","runners":[{"status":"ACTIVE","sortPriority":1,"id":4596957,"name":"Jack Sock"},{"status":"ACTIVE","sortPriority":2,"id":2257536,"name":"Ernests Gulbis"}],"regulators":["MR_INT"],"countryCode":"SE","discountAllowed":true,"timezone":"UTC","openDate":"2018-10-19T16:21:00.000Z","version":2461846275,"name":"Match Odds","eventName":"Sock v Gulbis"},"rc":[{"ltp":1.84,"id":2257536}]}]}
{"op":"mcm","clk":"7757666194","pt":1539966292524,"mc":[{"id":"1.149810696","rc":[{"ltp":2.22,"id":4596957}]}]}
{"op":"mcm","clk":"7757675907","pt":1539966347625,"mc":[{"id":"1.149810696","rc":[{"ltp":2.18,"id":4596957}]}]}
{"op":"mcm","clk":"7757716823","pt":1539966588658,"mc":[{"id":"1.149810696","rc":[{"ltp":1.85,"id":2257536},{"ltp":2.16,"id":4596957}]}]}
{"op":"mcm","clk":"7757736270","pt":1539966704604,"mc":[{"id":"1.149810696","rc":[{"ltp":1.86,"id":2257536}]}]}
{"op":"mcm","clk":"7757767003","pt":1539966774841,"mc":[{"id":"1.149810696","rc":[{"ltp":1.89,"id":2257536},{"ltp":2.18,"id":4596957}]}]}
{"op":"mcm","clk":"7757777404","pt":1539966834018,"mc":[{"id":"1.149810696","rc":[{"ltp":1.9,"id":2257536},{"ltp":2.12,"id":4596957}]}]}
{"op":"mcm","clk":"7757788468","pt":1539966894236,"mc":[{"id":"1.149810696","rc":[{"ltp":1.88,"id":2257536}]}]}
{"op":"mcm","clk":"7757798615","pt":1539966954349,"mc":[{"id":"1.149810696","rc":[{"ltp":1.89,"id":2257536}]}]}
{"op":"mcm","clk":"7757808796","pt":1539967012987,"mc":[{"id":"1.149810696","rc":[{"ltp":2.1,"id":4596957}]}]}
{"op":"mcm","clk":"7757818691","pt":1539967069175,"mc":[{"id":"1.149810696","rc":[{"ltp":1.88,"id":2257536},{"ltp":2.12,"id":4596957}]}]}
{"op":"mcm","clk":"7757830026","pt":1539967135117,"mc":[{"id":"1.149810696","rc":[{"ltp":1.89,"id":2257536},{"ltp":2.14,"id":4596957}]}]}
{"op":"mcm","clk":"7757840785","pt":1539967194909,"mc":[{"id":"1.149810696","rc":[{"ltp":1.9,"id":2257536},{"ltp":2.12,"id":4596957}]}]}
{"op":"mcm","clk":"7757851705","pt":1539967254247,"mc":[{"id":"1.149810696","rc":[{"ltp":1.88,"id":2257536}]}]}
{"op":"mcm","clk":"7757862176","pt":1539967313586,"mc":[{"id":"1.149810696","rc":[{"ltp":1.89,"id":2257536}]}]}
{"op":"mcm","clk":"7757872575","pt":1539967373713,"mc":[{"id":"1.149810696","rc":[{"ltp":1.86,"id":2257536}]}]}
{"op":"mcm","clk":"7757882165","pt":1539967430178,"mc":[{"id":"1.149810696","rc":[{"ltp":1.88,"id":2257536}]}]}
{"op":"mcm","clk":"7757892357","pt":1539967492188,"mc":[{"id":"1.149810696","rc":[{"ltp":1.9,"id":2257536},{"ltp":2.14,"id":4596957}]}]}
{"op":"mcm","clk":"7757902806","pt":1539967554106,"mc":[{"id":"1.149810696","rc":[{"ltp":1.87,"id":2257536},{"ltp":2.16,"id":4596957}]}]}
{"op":"mcm","clk":"7757941030","pt":1539967671553,"mc":[{"id":"1.149810696","marketDefinition":{"bspMarket":false,"turnInPlayEnabled":true,"persistenceEnabled":true,"marketBaseRate":5.0,"eventId":"28963797","eventTypeId":"2","numberOfWinners":1,"bettingType":"ODDS","marketType":"MATCH_ODDS","marketTime":"2018-10-19T16:21:00.000Z","suspendTime":"2018-10-19T16:21:00.000Z","bspReconciled":false,"complete":true,"inPlay":true,"crossMatching":true,"runnersVoidable":false,"numberOfActiveRunners":2,"betDelay":5,"status":"OPEN","runners":[{"status":"ACTIVE","sortPriority":1,"id":4596957,"name":"Jack Sock"},{"status":"ACTIVE","sortPriority":2,"id":2257536,"name":"Ernests Gulbis"}],"regulators":["MR_INT"],"countryCode":"SE","discountAllowed":true,"timezone":"UTC","openDate":"2018-10-19T16:21:00.000Z","version":2461904198,"name":"Match Odds","eventName":"Sock v Gulbis"},"rc":[{"ltp":1.81,"id":2257536},{"ltp":2.12,"id":4596957}]}]}
{"op":"mcm","clk":"7757950258","pt":1539967734574,"mc":[{"id":"1.149810696","rc":[{"ltp":1.9,"id":2257536}]}]}
{"op":"mcm","clk":"7757958707","pt":1539967795111,"mc":[{"id":"1.149810696","rc":[{"ltp":1.83,"id":2257536},{"ltp":2.18,"id":4596957}]}]}
{"op":"mcm","clk":"7757967363","pt":1539967855152,"mc":[{"id":"1.149810696","rc":[{"ltp":1.77,"id":2257536},{"ltp":2.3,"id":4596957}]}]}
{"op":"mcm","clk":"7757976397","pt":1539967915195,"mc":[{"id":"1.149810696","rc":[{"ltp":1.82,"id":2257536},{"ltp":2.28,"id":4596957}]}]}
{"op":"mcm","clk":"7757984119","pt":1539967974760,"mc":[{"id":"1.149810696","rc":[{"ltp":1.89,"id":2257536},{"ltp":2.14,"id":4596957}]}]}
{"op":"mcm","clk":"7757992828","pt":1539968035098,"mc":[{"id":"1.149810696","rc":[{"ltp":1.9,"id":2257536},{"ltp":2.1,"id":4596957}]}]}
{"op":"mcm","clk":"7758010442","pt":1539968153993,"mc":[{"id":"1.149810696","rc":[{"ltp":1.82,"id":2257536},{"ltp":2.2,"id":4596957}]}]}
{"op":"mcm","clk":"7758020120","pt":1539968214982,"mc":[{"id":"1.149810696","rc":[{"ltp":1.79,"id":2257536},{"ltp":2.28,"id":4596957}]}]}
{"op":"mcm","clk":"7758029068","pt":1539968274988,"mc":[{"id":"1.149810696","rc":[{"ltp":1.8,"id":2257536},{"ltp":2.24,"id":4596957}]}]}
{"op":"mcm","clk":"7758038429","pt":1539968334579,"mc":[{"id":"1.149810696","rc":[{"ltp":1.69,"id":2257536},{"ltp":2.44,"id":4596957}]}]}
{"op":"mcm","clk":"7758048687","pt":1539968394741,"mc":[{"id":"1.149810696","rc":[{"ltp":1.79,"id":2257536},{"ltp":2.2,"id":4596957}]}]}
{"op":"mcm","clk":"7758059006","pt":1539968455035,"mc":[{"id":"1.149810696","rc":[{"ltp":1.91,"id":2257536},{"ltp":2.06,"id":4596957}]}]}
{"op":"mcm","clk":"7758069056","pt":1539968513776,"mc":[{"id":"1.149810696","rc":[{"ltp":1.89,"id":2257536},{"ltp":2.16,"id":4596957}]}]}
{"op":"mcm","clk":"7758099595","pt":1539968574189,"mc":[{"id":"1.149810696","rc":[{"ltp":1.81,"id":2257536}]}]}
{"op":"mcm","clk":"7758109582","pt":1539968635192,"mc":[{"id":"1.149810696","rc":[{"ltp":1.83,"id":2257536},{"ltp":2.14,"id":4596957}]}]}
{"op":"mcm","clk":"7758129130","pt":1539968753899,"mc":[{"id":"1.149810696","rc":[{"ltp":1.84,"id":2257536},{"ltp":2.2,"id":4596957}]}]}
{"op":"mcm","clk":"7758139655","pt":1539968814871,"mc":[{"id":"1.149810696","rc":[{"ltp":1.77,"id":2257536},{"ltp":2.32,"id":4596957}]}]}
{"op":"mcm","clk":"7758150120","pt":1539968874411,"mc":[{"id":"1.149810696","rc":[{"ltp":1.76,"id":2257536}]}]}
{"op":"mcm","clk":"7758161078","pt":1539968934667,"mc":[{"id":"1.149810696","rc":[{"ltp":1.83,"id":2257536},{"ltp":2.18,"id":4596957}]}]}
{"op":"mcm","clk":"7758171792","pt":1539968995181,"mc":[{"id":"1.149810696","rc":[{"ltp":1.85,"id":2257536},{"ltp":2.12,"id":4596957}]}]}
{"op":"mcm","clk":"7758182366","pt":1539969055112,"mc":[{"id":"1.149810696","rc":[{"ltp":2.08,"id":4596957}]}]}
{"op":"mcm","clk":"7758193455","pt":1539969114929,"mc":[{"id":"1.149810696","rc":[{"ltp":1.97,"id":2257536},{"ltp":2.04,"id":4596957}]}]}
{"op":"mcm","clk":"7758204169","pt":1539969174882,"mc":[{"id":"1.149810696","rc":[{"ltp":1.86,"id":2257536},{"ltp":2.18,"id":4596957}]}]}
{"op":"mcm","clk":"7758215239","pt":1539969235050,"mc":[{"id":"1.149810696","rc":[{"ltp":2.34,"id":2257536},{"ltp":1.74,"id":4596957}]}]}
{"op":"mcm","clk":"7758226859","pt":1539969294271,"mc":[{"id":"1.149810696","rc":[{"ltp":1.91,"id":2257536},{"ltp":2.08,"id":4596957}]}]}
{"op":"mcm","clk":"7758238764","pt":1539969355062,"mc":[{"id":"1.149810696","rc":[{"ltp":2.04,"id":2257536},{"ltp":1.94,"id":4596957}]}]}
{"op":"mcm","clk":"7758250002","pt":1539969415116,"mc":[{"id":"1.149810696","rc":[{"ltp":2.4,"id":2257536},{"ltp":1.72,"id":4596957}]}]}
{"op":"mcm","clk":"7758281247","pt":1539969475221,"mc":[{"id":"1.149810696","rc":[{"ltp":2.12,"id":2257536},{"ltp":1.85,"id":4596957}]}]}
{"op":"mcm","clk":"7758292874","pt":1539969534230,"mc":[{"id":"1.149810696","rc":[{"ltp":2.08,"id":2257536},{"ltp":1.91,"id":4596957}]}]}
{"op":"mcm","clk":"7758304377","pt":1539969594751,"mc":[{"id":"1.149810696","rc":[{"ltp":2.52,"id":2257536},{"ltp":1.66,"id":4596957}]}]}
{"op":"mcm","clk":"7758315405","pt":1539969654681,"mc":[{"id":"1.149810696","rc":[{"ltp":3.3,"id":2257536},{"ltp":1.43,"id":4596957}]}]}
{"op":"mcm","clk":"7758327339","pt":1539969714754,"mc":[{"id":"1.149810696","rc":[{"ltp":3.4,"id":2257536},{"ltp":1.42,"id":4596957}]}]}
{"op":"mcm","clk":"7758339290","pt":1539969775105,"mc":[{"id":"1.149810696","rc":[{"ltp":3.35,"id":2257536},{"ltp":1.43,"id":4596957}]}]}
{"op":"mcm","clk":"7758351059","pt":1539969833732,"mc":[{"id":"1.149810696","rc":[{"ltp":3.3,"id":2257536},{"ltp":1.45,"id":4596957}]}]}
{"op":"mcm","clk":"7758361616","pt":1539969895011,"mc":[{"id":"1.149810696","rc":[{"ltp":2.76,"id":2257536},{"ltp":1.46,"id":4596957}]}]}
{"op":"mcm","clk":"7758374162","pt":1539969955087,"mc":[{"id":"1.149810696","rc":[{"ltp":3.4,"id":2257536},{"ltp":1.43,"id":4596957}]}]}
{"op":"mcm","clk":"7758385977","pt":1539970014891,"mc":[{"id":"1.149810696","rc":[{"ltp":3.7,"id":2257536},{"ltp":1.39,"id":4596957}]}]}
{"op":"mcm","clk":"7758397818","pt":1539970074966,"mc":[{"id":"1.149810696","rc":[{"ltp":3.5,"id":2257536},{"ltp":1.4,"id":4596957}]}]}
{"op":"mcm","clk":"7758408944","pt":1539970135014,"mc":[{"id":"1.149810696","rc":[{"ltp":4.0,"id":2257536},{"ltp":1.33,"id":4596957}]}]}
{"op":"mcm","clk":"7758419924","pt":1539970195105,"mc":[{"id":"1.149810696","rc":[{"ltp":3.75,"id":2257536},{"ltp":1.35,"id":4596957}]}]}
{"op":"mcm","clk":"7758430708","pt":1539970255185,"mc":[{"id":"1.149810696","rc":[{"ltp":3.95,"id":2257536},{"ltp":1.34,"id":4596957}]}]}
{"op":"mcm","clk":"7758440711","pt":1539970312779,"mc":[{"id":"1.149810696","rc":[{"ltp":3.9,"id":2257536},{"ltp":1.35,"id":4596957}]}]}
{"op":"mcm","clk":"7758470828","pt":1539970375067,"mc":[{"id":"1.149810696","rc":[{"ltp":1.34,"id":4596957}]}]}
{"op":"mcm","clk":"7758481020","pt":1539970435066,"mc":[{"id":"1.149810696","rc":[{"ltp":3.5,"id":2257536},{"ltp":1.4,"id":4596957}]}]}
{"op":"mcm","clk":"7758491696","pt":1539970494618,"mc":[{"id":"1.149810696","rc":[{"ltp":3.7,"id":2257536},{"ltp":1.37,"id":4596957}]}]}
{"op":"mcm","clk":"7758502170","pt":1539970555164,"mc":[{"id":"1.149810696","rc":[{"ltp":1.34,"id":4596957}]}]}
{"op":"mcm","clk":"7758512327","pt":1539970614812,"mc":[{"id":"1.149810696","rc":[{"ltp":4.5,"id":2257536},{"ltp":1.29,"id":4596957}]}]}
{"op":"mcm","clk":"7758522505","pt":1539970675172,"mc":[{"id":"1.149810696","rc":[{"ltp":4.4,"id":2257536}]}]}
{"op":"mcm","clk":"7758532413","pt":1539970734911,"mc":[{"id":"1.149810696","rc":[{"ltp":4.3,"id":2257536},{"ltp":1.3,"id":4596957}]}]}
{"op":"mcm","clk":"7758553542","pt":1539970854892,"mc":[{"id":"1.149810696","rc":[{"ltp":3.95,"id":2257536},{"ltp":1.34,"id":4596957}]}]}
{"op":"mcm","clk":"7758565478","pt":1539970915189,"mc":[{"id":"1.149810696","rc":[{"ltp":4.3,"id":2257536},{"ltp":1.27,"id":4596957}]}]}
{"op":"mcm","clk":"7758576841","pt":1539970975204,"mc":[{"id":"1.149810696","rc":[{"ltp":4.2,"id":2257536},{"ltp":1.3,"id":4596957}]}]}
{"op":"mcm","clk":"7758588198","pt":1539971034988,"mc":[{"id":"1.149810696","rc":[{"ltp":3.95,"id":2257536},{"ltp":1.33,"id":4596957}]}]}
{"op":"mcm","clk":"7758598644","pt":1539971094666,"mc":[{"id":"1.149810696","rc":[{"ltp":1.31,"id":4596957}]}]}
{"op":"mcm","clk":"7758609909","pt":1539971154366,"mc":[{"id":"1.149810696","rc":[{"ltp":3.35,"id":2257536},{"ltp":1.42,"id":4596957}]}]}
{"op":"mcm","clk":"7758619990","pt":1539971215138,"mc":[{"id":"1.149810696","rc":[{"ltp":3.1,"id":2257536},{"ltp":1.46,"id":4596957}]}]}
{"op":"mcm","clk":"7758650499","pt":1539971275189,"mc":[{"id":"1.149810696","rc":[{"ltp":2.46,"id":2257536},{"ltp":1.69,"id":4596957}]}]}
{"op":"mcm","clk":"7758661083","pt":1539971335203,"mc":[{"id":"1.149810696","rc":[{"ltp":2.34,"id":2257536},{"ltp":1.75,"id":4596957}]}]}
{"op":"mcm","clk":"7758672268","pt":1539971395049,"mc":[{"id":"1.149810696","rc":[{"ltp":2.26,"id":2257536},{"ltp":1.79,"id":4596957}]}]}
{"op":"mcm","clk":"7758683003","pt":1539971454965,"mc":[{"id":"1.149810696","rc":[{"ltp":2.18,"id":2257536},{"ltp":1.83,"id":4596957}]}]}
{"op":"mcm","clk":"7758692468","pt":1539971515087,"mc":[{"id":"1.149810696","rc":[{"ltp":2.2,"id":2257536},{"ltp":1.81,"id":4596957}]}]}
{"op":"mcm","clk":"7758701512","pt":1539971574650,"mc":[{"id":"1.149810696","rc":[{"ltp":2.24,"id":2257536},{"ltp":1.77,"id":4596957}]}]}
{"op":"mcm","clk":"7758710144","pt":1539971635065,"mc":[{"id":"1.149810696","rc":[{"ltp":2.28,"id":2257536}]}]}
{"op":"mcm","clk":"7758719229","pt":1539971695152,"mc":[{"id":"1.149810696","rc":[{"ltp":2.34,"id":2257536},{"ltp":1.75,"id":4596957}]}]}
{"op":"mcm","clk":"7758728924","pt":1539971754956,"mc":[{"id":"1.149810696","rc":[{"ltp":2.3,"id":2257536},{"ltp":1.79,"id":4596957}]}]}
{"op":"mcm","clk":"7758738444","pt":1539971813717,"mc":[{"id":"1.149810696","rc":[{"ltp":2.26,"id":2257536},{"ltp":1.78,"id":4596957}]}]}
{"op":"mcm","clk":"7758748182","pt":1539971874675,"mc":[{"id":"1.149810696","rc":[{"ltp":2.44,"id":2257536},{"ltp":1.69,"id":4596957}]}]}
{"op":"mcm","clk":"7758758369","pt":1539971934721,"mc":[{"id":"1.149810696","rc":[{"ltp":2.28,"id":2257536},{"ltp":1.78,"id":4596957}]}]}
{"op":"mcm","clk":"7758768669","pt":1539971995058,"mc":[{"id":"1.149810696","rc":[{"ltp":2.32,"id":2257536},{"ltp":1.76,"id":4596957}]}]}
{"op":"mcm","clk":"7758781464","pt":1539972054652,"mc":[{"id":"1.149810696","rc":[{"ltp":2.22,"id":2257536},{"ltp":1.81,"id":4596957}]}]}
{"op":"mcm","clk":"7758793579","pt":1539972115060,"mc":[{"id":"1.149810696","rc":[{"ltp":2.2,"id":2257536},{"ltp":1.79,"id":4596957}]}]}
{"op":"mcm","clk":"7758826047","pt":1539972175197,"mc":[{"id":"1.149810696","rc":[{"ltp":2.34,"id":2257536},{"ltp":1.72,"id":4596957}]}]}
{"op":"mcm","clk":"7758838054","pt":1539972234649,"mc":[{"id":"1.149810696","rc":[{"ltp":2.4,"id":2257536},{"ltp":1.7,"id":4596957}]}]}
{"op":"mcm","clk":"7758849790","pt":1539972295013,"mc":[{"id":"1.149810696","rc":[{"ltp":2.2,"id":2257536},{"ltp":1.83,"id":4596957}]}]}
{"op":"mcm","clk":"7758862328","pt":1539972354852,"mc":[{"id":"1.149810696","rc":[{"ltp":2.26,"id":2257536},{"ltp":1.81,"id":4596957}]}]}
{"op":"mcm","clk":"7758874557","pt":1539972415167,"mc":[{"id":"1.149810696","rc":[{"ltp":2.36,"id":2257536},{"ltp":1.79,"id":4596957}]}]}
{"op":"mcm","clk":"7758887423","pt":1539972475072,"mc":[{"id":"1.149810696","rc":[{"ltp":2.26,"id":2257536},{"ltp":1.81,"id":4596957}]}]}
{"op":"mcm","clk":"7758900416","pt":1539972535162,"mc":[{"id":"1.149810696","rc":[{"ltp":2.16,"id":2257536},{"ltp":1.85,"id":4596957}]}]}
{"op":"mcm","clk":"7758912646","pt":1539972594921,"mc":[{"id":"1.149810696","rc":[{"ltp":2.2,"id":2257536},{"ltp":1.79,"id":4596957}]}]}
{"op":"mcm","clk":"7758925856","pt":1539972654910,"mc":[{"id":"1.149810696","rc":[{"ltp":2.3,"id":2257536},{"ltp":1.81,"id":4596957}]}]}
{"op":"mcm","clk":"7758939306","pt":1539972715118,"mc":[{"id":"1.149810696","rc":[{"ltp":2.18,"id":2257536},{"ltp":1.83,"id":4596957}]}]}
{"op":"mcm","clk":"7758951883","pt":1539972774267,"mc":[{"id":"1.149810696","rc":[{"ltp":2.08,"id":2257536},{"ltp":1.92,"id":4596957}]}]}
{"op":"mcm","clk":"7758964850","pt":1539972834560,"mc":[{"id":"1.149810696","rc":[{"ltp":2.16,"id":2257536},{"ltp":1.86,"id":4596957}]}]}
{"op":"mcm","clk":"7758977877","pt":1539972894597,"mc":[{"id":"1.149810696","rc":[{"ltp":2.2,"id":2257536},{"ltp":1.83,"id":4596957}]}]}
{"op":"mcm","clk":"7758992237","pt":1539972955076,"mc":[{"id":"1.149810696","rc":[{"ltp":2.04,"id":2257536},{"ltp":1.98,"id":4596957}]}]}
{"op":"mcm","clk":"7759006405","pt":1539973015079,"mc":[{"id":"1.149810696","rc":[{"ltp":2.0,"id":2257536},{"ltp":1.99,"id":4596957}]}]}
{"op":"mcm","clk":"7759039709","pt":1539973075199,"mc":[{"id":"1.149810696","rc":[{"ltp":2.0,"id":4596957}]}]}
{"op":"mcm","clk":"7759052528","pt":1539973135185,"mc":[{"id":"1.149810696","rc":[{"ltp":2.04,"id":2257536},{"ltp":1.97,"id":4596957}]}]}
{"op":"mcm","clk":"7759064727","pt":1539973193735,"mc":[{"id":"1.149810696","rc":[{"ltp":1.94,"id":4596957}]}]}
{"op":"mcm","clk":"7759076558","pt":1539973254473,"mc":[{"id":"1.149810696","rc":[{"ltp":1.96,"id":4596957}]}]}
{"op":"mcm","clk":"7759088329","pt":1539973315024,"mc":[{"id":"1.149810696","rc":[{"ltp":2.1,"id":2257536},{"ltp":1.89,"id":4596957}]}]}
{"op":"mcm","clk":"7759100319","pt":1539973375133,"mc":[{"id":"1.149810696","rc":[{"ltp":2.36,"id":2257536},{"ltp":1.73,"id":4596957}]}]}
{"op":"mcm","clk":"7759112990","pt":1539973434953,"mc":[{"id":"1.149810696","rc":[{"ltp":2.4,"id":2257536},{"ltp":1.7,"id":4596957}]}]}
{"op":"mcm","clk":"7759125430","pt":1539973495221,"mc":[{"id":"1.149810696","rc":[{"ltp":2.2,"id":2257536},{"ltp":1.83,"id":4596957}]}]}
{"op":"mcm","clk":"7759137599","pt":1539973554912,"mc":[{"id":"1.149810696","rc":[{"ltp":2.3,"id":2257536},{"ltp":1.76,"id":4596957}]}]}
{"op":"mcm","clk":"7759149556","pt":1539973614958,"mc":[{"id":"1.149810696","rc":[{"ltp":2.26,"id":2257536},{"ltp":1.77,"id":4596957}]}]}
{"op":"mcm","clk":"7759161548","pt":1539973675069,"mc":[{"id":"1.149810696","rc":[{"ltp":2.22,"id":2257536}]}]}
{"op":"mcm","clk":"7759173559","pt":1539973733831,"mc":[{"id":"1.149810696","rc":[{"ltp":2.28,"id":2257536},{"ltp":1.78,"id":4596957}]}]}
{"op":"mcm","clk":"7759186427","pt":1539973795220,"mc":[{"id":"1.149810696","rc":[{"ltp":2.08,"id":2257536},{"ltp":1.94,"id":4596957}]}]}
{"op":"mcm","clk":"7759198439","pt":1539973855112,"mc":[{"id":"1.149810696","rc":[{"ltp":2.48,"id":2257536},{"ltp":1.71,"id":4596957}]}]}
{"op":"mcm","clk":"7759210871","pt":1539973914676,"mc":[{"id":"1.149810696","rc":[{"ltp":2.42,"id":2257536},{"ltp":1.7,"id":4596957}]}]}
{"op":"mcm","clk":"7759243334","pt":1539973974966,"mc":[{"id":"1.149810696","rc":[{"ltp":2.3,"id":2257536},{"ltp":1.77,"id":4596957}]}]}
{"op":"mcm","clk":"7759255555","pt":1539974035161,"mc":[{"id":"1.149810696","rc":[{"ltp":2.18,"id":2257536},{"ltp":1.84,"id":4596957}]}]}
{"op":"mcm","clk":"7759267658","pt":1539974095162,"mc":[{"id":"1.149810696","rc":[{"ltp":2.08,"id":2257536},{"ltp":1.92,"id":4596957}]}]}
{"op":"mcm","clk":"7759279575","pt":1539974155108,"mc":[{"id":"1.149810696","rc":[{"ltp":2.06,"id":2257536},{"ltp":1.93,"id":4596957}]}]}
{"op":"mcm","clk":"7759291373","pt":1539974215196,"mc":[{"id":"1.149810696","rc":[{"ltp":1.81,"id":2257536},{"ltp":2.22,"id":4596957}]}]}
{"op":"mcm","clk":"7759302014","pt":1539974274883,"mc":[{"id":"1.149810696","rc":[{"ltp":1.64,"id":2257536},{"ltp":2.62,"id":4596957}]}]}
{"op":"mcm","clk":"7759313375","pt":1539974335179,"mc":[{"id":"1.149810696","rc":[{"ltp":1.23,"id":2257536},{"ltp":5.4,"id":4596957}]}]}
{"op":"mcm","clk":"7759324329","pt":1539974394487,"mc":[{"id":"1.149810696","rc":[{"ltp":5.3,"id":4596957}]}]}
{"op":"mcm","clk":"7759336429","pt":1539974455091,"mc":[{"id":"1.149810696","rc":[{"ltp":1.16,"id":2257536},{"ltp":6.6,"id":4596957}]}]}
{"op":"mcm","clk":"7759348193","pt":1539974515097,"mc":[{"id":"1.149810696","rc":[{"ltp":1.14,"id":2257536},{"ltp":8.0,"id":4596957}]}]}
{"op":"mcm","clk":"7759359873","pt":1539974575095,"mc":[{"id":"1.149810696","rc":[{"ltp":1.27,"id":2257536},{"ltp":6.0,"id":4596957}]}]}
{"op":"mcm","clk":"7759371806","pt":1539974635055,"mc":[{"id":"1.149810696","rc":[{"ltp":1.2,"id":2257536},{"ltp":5.7,"id":4596957}]}]}
{"op":"mcm","clk":"7759384225","pt":1539974695133,"mc":[{"id":"1.149810696","rc":[{"ltp":1.16,"id":2257536},{"ltp":7.2,"id":4596957}]}]}
{"op":"mcm","clk":"7759396312","pt":1539974754245,"mc":[{"id":"1.149810696","rc":[{"ltp":1.14,"id":2257536},{"ltp":8.2,"id":4596957}]}]}
{"op":"mcm","clk":"7759407973","pt":1539974814979,"mc":[{"id":"1.149810696","rc":[{"ltp":1.11,"id":2257536},{"ltp":10.0,"id":4596957}]}]}
{"op":"mcm","clk":"7759437990","pt":1539974875214,"mc":[{"id":"1.149810696","rc":[{"ltp":1.1,"id":2257536},{"ltp":11.5,"id":4596957}]}]}
{"op":"mcm","clk":"7759448099","pt":1539974935079,"mc":[{"id":"1.149810696","rc":[{"ltp":1.12,"id":2257536},{"ltp":8.2,"id":4596957}]}]}
{"op":"mcm","clk":"7759457965","pt":1539974994672,"mc":[{"id":"1.149810696","rc":[{"ltp":1.13,"id":2257536},{"ltp":8.6,"id":4596957}]}]}
{"op":"mcm","clk":"7759467613","pt":1539975054918,"mc":[{"id":"1.149810696","rc":[{"ltp":1.07,"id":2257536},{"ltp":13.5,"id":4596957}]}]}
{"op":"mcm","clk":"7759476324","pt":1539975114451,"mc":[{"id":"1.149810696","rc":[{"ltp":1.01,"id":2257536},{"ltp":140.0,"id":4596957}]}]}
{"op":"mcm","clk":"7759485244","pt":1539975175182,"mc":[{"id":"1.149810696","rc":[{"ltp":100.0,"id":4596957}]}]}
{"op":"mcm","clk":"7759494335","pt":1539975234607,"mc":[{"id":"1.149810696","rc":[{"ltp":1.03,"id":2257536},{"ltp":50.0,"id":4596957}]}]}
{"op":"mcm","clk":"7759502763","pt":1539975294769,"mc":[{"id":"1.149810696","rc":[{"ltp":1.02,"id":2257536},{"ltp":70.0,"id":4596957}]}]}
{"op":"mcm","clk":"7759512358","pt":1539975355061,"mc":[{"id":"1.149810696","rc":[{"ltp":50.0,"id":4596957}]}]}
{"op":"mcm","clk":"7759521907","pt":1539975414585,"mc":[{"id":"1.149810696","rc":[{"ltp":1.05,"id":2257536},{"ltp":23.0,"id":4596957}]}]}
{"op":"mcm","clk":"7759531420","pt":1539975475004,"mc":[{"id":"1.149810696","rc":[{"ltp":1.09,"id":2257536},{"ltp":12.0,"id":4596957}]}]}
{"op":"mcm","clk":"7759540339","pt":1539975535206,"mc":[{"id":"1.149810696","rc":[{"ltp":1.1,"id":2257536},{"ltp":11.0,"id":4596957}]}]}
{"op":"mcm","clk":"7759550157","pt":1539975594981,"mc":[{"id":"1.149810696","rc":[{"ltp":1.12,"id":2257536},{"ltp":10.5,"id":4596957}]}]}
{"op":"mcm","clk":"7759559932","pt":1539975655064,"mc":[{"id":"1.149810696","rc":[{"ltp":1.11,"id":2257536}]}]}
{"op":"mcm","clk":"7759570301","pt":1539975714705,"mc":[{"id":"1.149810696","rc":[{"ltp":1.12,"id":2257536},{"ltp":9.4,"id":4596957}]}]}
{"op":"mcm","clk":"7759602452","pt":1539975775061,"mc":[{"id":"1.149810696","rc":[{"ltp":1.07,"id":2257536},{"ltp":12.0,"id":4596957}]}]}
{"op":"mcm","clk":"7759613773","pt":1539975835077,"mc":[{"id":"1.149810696","rc":[{"ltp":1.02,"id":2257536},{"ltp":50.0,"id":4596957}]}]}
{"op":"mcm","clk":"7759624127","pt":1539975894032,"mc":[{"id":"1.149810696","marketDefinition":{"bspMarket":false,"turnInPlayEnabled":true,"persistenceEnabled":true,"marketBaseRate":5.0,"eventId":"28963797","eventTypeId":"2","numberOfWinners":1,"bettingType":"ODDS","marketType":"MATCH_ODDS","marketTime":"2018-10-19T16:21:00.000Z","suspendTime":"2018-10-19T16:21:00.000Z","bspReconciled":false,"complete":true,"inPlay":true,"crossMatching":true,"runnersVoidable":false,"numberOfActiveRunners":2,"betDelay":5,"status":"SUSPENDED","runners":[{"status":"ACTIVE","sortPriority":1,"id":4596957,"name":"Jack Sock"},{"status":"ACTIVE","sortPriority":2,"id":2257536,"name":"Ernests Gulbis"}],"regulators":["MR_INT"],"countryCode":"SE","discountAllowed":true,"timezone":"UTC","openDate":"2018-10-19T16:21:00.000Z","version":2462389302,"name":"Match Odds","eventName":"Sock v Gulbis"},"rc":[{"ltp":1.01,"id":2257536},{"ltp":120.0,"id":4596957}]}]}
{"op":"mcm","clk":"7759630001","pt":1539975928096,"mc":[{"id":"1.149810696","marketDefinition":{"bspMarket":false,"turnInPlayEnabled":true,"persistenceEnabled":true,"marketBaseRate":5.0,"eventId":"28963797","eventTypeId":"2","numberOfWinners":1,"bettingType":"ODDS","marketType":"MATCH_ODDS","marketTime":"2018-10-19T16:21:00.000Z","suspendTime":"2018-10-19T16:21:00.000Z","bspReconciled":false,"complete":true,"inPlay":true,"crossMatching":false,"runnersVoidable":false,"numberOfActiveRunners":0,"betDelay":5,"status":"CLOSED","settledTime":"2018-10-19T19:04:56.000Z","runners":[{"status":"LOSER","sortPriority":1,"id":4596957,"name":"Jack Sock"},{"status":"WINNER","sortPriority":2,"id":2257536,"name":"Ernests Gulbis"}],"regulators":["MR_INT"],"countryCode":"SE","discountAllowed":true,"timezone":"UTC","openDate":"2018-10-19T16:21:00.000Z","version":2462393648,"name":"Match Odds","eventName":"Sock v Gulbis"}}]}
