{"op":"mcm","clk":"7692394561","pt":1539974984615,"mc":[{"id":"1.149875399","marketDefinition":{"bspMarket":false,"turnInPlayEnabled":true,"persistenceEnabled":true,"marketBaseRate":5.0,"eventId":"28965346","eventTypeId":"2","numberOfWinners":1,"bettingType":"ODDS","marketType":"MATCH_ODDS","marketTime":"2018-10-20T15:30:00.000Z","suspendTime":"2018-10-20T15:30:00.000Z","bspReconciled":false,"complete":true,"inPlay":false,"crossMatching":true,"runnersVoidable":false,"numberOfActiveRunners":2,"betDelay":0,"status":"OPEN","runners":[{"status":"ACTIVE","sortPriority":1,"id":5626817,"name":"Kyle Edmund"},{"status":"ACTIVE","sortPriority":2,"id":2249399,"name":"Richard Gasquet"}],"regulators":["MR_INT"],"countryCode":"BE","discountAllowed":true,"timezone":"UTC","openDate":"2018-10-20T15:30:00.000Z","version":2462315191,"name":"Match Odds","eventName":"Edmund v Gasquet"}}]}
{"op":"mcm","clk":"7693412745","pt":1539980758065,"mc":[{"id":"1.149875399","rc":[{"ltp":1.79,"id":5626817}]}]}
{"op":"mcm","clk":"7693712637","pt":1539984044743,"mc":[{"id":"1.149875399","rc":[{"ltp":1.73,"id":5626817}]}]}
{"op":"mcm","clk":"7693758120","pt":1539984517234,"mc":[{"id":"1.149875399","rc":[{"ltp":1.68,"id":5626817}]}]}
{"op":"mcm","clk":"7693895402","pt":1539986387329,"mc":[{"id":"1.149875399","rc":[{"ltp":2.56,"id":2249399},{"ltp":1.65,"id":5626817}]}]}
{"op":"mcm","clk":"7693904894","pt":1539986587229,"mc":[{"id":"1.149875399","rc":[{"ltp":2.54,"id":2249399}]}]}
{"op":"mcm","clk":"7693909393","pt":1539986682327,"mc":[{"id":"1.149875399","rc":[{"ltp":1.63,"id":5626817}]}]}
{"op":"mcm","clk":"7694006779","pt":1539987765669,"mc":[{"id":"1.149875399","rc":[{"ltp":1.58,"id":5626817}]}]}
{"op":"mcm","clk":"7694045833","pt":1539988353140,"mc":[{"id":"1.149875399","rc":[{"ltp":2.72,"id":2249399}]}]}
{"op":"mcm","clk":"7694051702","pt":1539988443913,"mc":[{"id":"1.149875399","rc":[{"ltp":2.62,"id":2249399}]}]}
{"op":"mcm","clk":"7694094880","pt":1539988842268,"mc":[{"id":"1.149875399","rc":[{"ltp":1.57,"id":5626817}]}]}
{"op":"mcm","clk":"7694163067","pt":1539989808545,"mc":[{"id":"1.149875399","rc":[{"ltp":2.64,"id":2249399},{"ltp":1.61,"id":5626817}]}]}
{"op":"mcm","clk":"7694918337","pt":1539997968211,"mc":[{"id":"1.149875399","rc":[{"ltp":2.62,"id":2249399}]}]}
{"op":"mcm","clk":"7695888182","pt":1540008583668,"mc":[{"id":"1.149875399","rc":[{"ltp":2.56,"id":2249399},{"ltp":1.63,"id":5626817}]}]}
{"op":"mcm","clk":"7695980194","pt":1540009780454,"mc":[{"id":"1.149875399","rc":[{"ltp":1.61,"id":5626817}]}]}
{"op":"mcm","clk":"7695984630","pt":1540009838979,"mc":[{"id":"1.149875399","rc":[{"ltp":2.64,"id":2249399}]}]}
{"op":"mcm","clk":"7696396234","pt":1540013889214,"mc":[{"id":"1.149875399","rc":[{"ltp":1.63,"id":5626817}]}]}
{"op":"mcm","clk":"7696416894","pt":1540014174490,"mc":[{"id":"1.149875399","rc":[{"ltp":1.6,"id":5626817}]}]}
{"op":"mcm","clk":"7696750611","pt":1540017164056,"mc":[{"id":"1.149875399","rc":[{"ltp":2.6,"id":2249399}]}]}
{"op":"mcm","clk":"7696807341","pt":1540017555621,"mc":[{"id":"1.149875399","rc":[{"ltp":1.62,"id":5626817}]}]}
{"op":"mcm","clk":"7696944706","pt":1540018937906,"mc":[{"id":"1.149875399","rc":[{"ltp":2.58,"id":2249399}]}]}
{"op":"mcm","clk":"7697030336","pt":1540019797114,"mc":[{"id":"1.149875399","rc":[{"ltp":1.63,"id":5626817}]}]}
{"op":"mcm","clk":"7697160138","pt":1540020927570,"mc":[{"id":"1.149875399","rc":[{"ltp":2.6,"id":2249399}]}]}
{"op":"mcm","clk":"7697280172","pt":1540021892711,"mc":[{"id":"1.149875399","rc":[{"ltp":2.56,"id":2249399},{"ltp":1.64,"id":5626817}]}]}
{"op":"mcm","clk":"7697356013","pt":1540022446188,"mc":[{"id":"1.149875399","rc":[{"ltp":2.54,"id":2249399}]}]}
{"op":"mcm","clk":"7697419790","pt":1540022859609,"mc":[{"id":"1.149875399","rc":[{"ltp":1.65,"id":5626817}]}]}
{"op":"mcm","clk":"7697423040","pt":1540022886231,"mc":[{"id":"1.149875399","rc":[{"ltp":1.62,"id":5626817}]}]}
{"op":"mcm","clk":"7697493563","pt":1540023466644,"mc":[{"id":"1.149875399","rc":[{"ltp":2.62,"id":2249399}]}]}
{"op":"mcm","clk":"7697527214","pt":1540023701138,"mc":[{"id":"1.149875399","rc":[{"ltp":1.65,"id":5626817}]}]}
{"op":"mcm","clk":"7697635339","pt":1540024360552,"mc":[{"id":"1.149875399","rc":[{"ltp":1.62,"id":5626817}]}]}
{"op":"mcm","clk":"7697668372","pt":1540024604222,"mc":[{"id":"1.149875399","rc":[{"ltp":1.61,"id":5626817}]}]}
{"op":"mcm","clk":"7697776941","pt":1540025241620,"mc":[{"id":"1.149875399","rc":[{"ltp":2.52,"id":2249399}]}]}
{"op":"mcm","clk":"7697914964","pt":1540026031089,"mc":[{"id":"1.149875399","rc":[{"ltp":2.56,"id":2249399},{"ltp":1.63,"id":5626817}]}]}
{"op":"mcm","clk":"7698040161","pt":1540026711234,"mc":[{"id":"1.149875399","rc":[{"ltp":1.64,"id":5626817}]}]}
{"op":"mcm","clk":"7698078229","pt":1540026943305,"mc":[{"id":"1.149875399","rc":[{"ltp":1.63,"id":5626817}]}]}
{"op":"mcm","clk":"7698126261","pt":1540027229043,"mc":[{"id":"1.149875399","rc":[{"ltp":1.64,"id":5626817}]}]}
{"op":"mcm","clk":"7698382568","pt":1540028514704,"mc":[{"id":"1.149875399","rc":[{"ltp":2.6,"id":2249399}]}]}
{"op":"mcm","clk":"7698442672","pt":1540028898723,"mc":[{"id":"1.149875399","rc":[{"ltp":1.63,"id":5626817}]}]}
{"op":"mcm","clk":"7698522747","pt":1540029331510,"mc":[{"id":"1.149875399","rc":[{"ltp":2.56,"id":2249399},{"ltp":1.64,"id":5626817}]}]}
{"op":"mcm","clk":"7698572232","pt":1540029622114,"mc":[{"id":"1.149875399","rc":[{"ltp":1.63,"id":5626817}]}]}
{"op":"mcm","clk":"7698737380","pt":1540030420697,"mc":[{"id":"1.149875399","rc":[{"ltp":1.64,"id":5626817}]}]}
{"op":"mcm","clk":"7698893395","pt":1540031123514,"mc":[{"id":"1.149875399","rc":[{"ltp":1.63,"id":5626817}]}]}
{"op":"mcm","clk":"7698963280","pt":1540031528567,"mc":[{"id":"1.149875399","rc":[{"ltp":2.5,"id":2249399}]}]}
{"op":"mcm","clk":"7699101144","pt":1540032211312,"mc":[{"id":"1.149875399","rc":[{"ltp":1.62,"id":5626817}]}]}
{"op":"mcm","clk":"7699219163","pt":1540032821429,"mc":[{"id":"1.149875399","rc":[{"ltp":2.62,"id":2249399},{"ltp":1.61,"id":5626817}]}]}
{"op":"mcm","clk":"7699226874","pt":1540032869841,"mc":[{"id":"1.149875399","rc":[{"ltp":2.56,"id":2249399},{"ltp":1.65,"id":5626817}]}]}
{"op":"mcm","clk":"7699263704","pt":1540033060434,"mc":[{"id":"1.149875399","rc":[{"ltp":1.64,"id":5626817}]}]}
{"op":"mcm","clk":"7699275809","pt":1540033127925,"mc":[{"id":"1.149875399","rc":[{"ltp":2.54,"id":2249399},{"ltp":1.61,"id":5626817}]}]}
{"op":"mcm","clk":"7699299685","pt":1540033248939,"mc":[{"id":"1.149875399","rc":[{"ltp":1.63,"id":5626817}]}]}
{"op":"mcm","clk":"7699329993","pt":1540033394409,"mc":[{"id":"1.149875399","rc":[{"ltp":1.62,"id":5626817}]}]}
{"op":"mcm","clk":"7699359335","pt":1540033536314,"mc":[{"id":"1.149875399","rc":[{"ltp":1.63,"id":5626817}]}]}
{"op":"mcm","clk":"7699425905","pt":1540033786250,"mc":[{"id":"1.149875399","rc":[{"ltp":1.62,"id":5626817}]}]}
{"op":"mcm","clk":"7699522180","pt":1540034296258,"mc":[{"id":"1.149875399","rc":[{"ltp":2.58,"id":2249399},{"ltp":1.63,"id":5626817}]}]}
{"op":"mcm","clk":"7699625885","pt":1540034748293,"mc":[{"id":"1.149875399","rc":[{"ltp":1.62,"id":5626817}]}]}
{"op":"mcm","clk":"7699767615","pt":1540035404243,"mc":[{"id":"1.149875399","rc":[{"ltp":1.61,"id":5626817}]}]}
{"op":"mcm","clk":"7700027299","pt":1540036546403,"mc":[{"id":"1.149875399","rc":[{"ltp":2.6,"id":2249399},{"ltp":1.62,"id":5626817}]}]}
{"op":"mcm","clk":"7700106720","pt":1540036953646,"mc":[{"id":"1.149875399","rc":[{"ltp":1.61,"id":5626817}]}]}
{"op":"mcm","clk":"7700211808","pt":1540037326120,"mc":[{"id":"1.149875399","rc":[{"ltp":2.64,"id":2249399},{"ltp":1.62,"id":5626817}]}]}
{"op":"mcm","clk":"7700324313","pt":1540037781989,"mc":[{"id":"1.149875399","rc":[{"ltp":1.63,"id":5626817}]}]}
{"op":"mcm","clk":"7700498786","pt":1540038463601,"mc":[{"id":"1.149875399","rc":[{"ltp":1.61,"id":5626817}]}]}
{"op":"mcm","clk":"7700589979","pt":1540038862581,"mc":[{"id":"1.149875399","rc":[{"ltp":1.62,"id":5626817}]}]}
{"op":"mcm","clk":"7700624315","pt":1540038998716,"mc":[{"id":"1.149875399","rc":[{"ltp":1.61,"id":5626817}]}]}
{"op":"mcm","clk":"7700673828","pt":1540039128769,"mc":[{"id":"1.149875399","rc":[{"ltp":1.62,"id":5626817}]}]}
{"op":"mcm","clk":"7700687315","pt":1540039185952,"mc":[{"id":"1.149875399","rc":[{"ltp":1.61,"id":5626817}]}]}
{"op":"mcm","clk":"7700869492","pt":1540039945226,"mc":[{"id":"1.149875399","rc":[{"ltp":1.63,"id":5626817}]}]}
{"op":"mcm","clk":"7700880638","pt":1540040010833,"mc":[{"id":"1.149875399","rc":[{"ltp":2.6,"id":2249399}]}]}
{"op":"mcm","clk":"7701258498","pt":1540041644980,"mc":[{"id":"1.149875399","rc":[{"ltp":1.62,"id":5626817}]}]}
{"op":"mcm","clk":"7701299243","pt":1540041758180,"mc":[{"id":"1.149875399","rc":[{"ltp":1.64,"id":5626817}]}]}
{"op":"mcm","clk":"7701340388","pt":1540041946477,"mc":[{"id":"1.149875399","rc":[{"ltp":2.54,"id":2249399},{"ltp":1.65,"id":5626817}]}]}
{"op":"mcm","clk":"7701419597","pt":1540042302920,"mc":[{"id":"1.149875399","rc":[{"ltp":2.5,"id":2249399},{"ltp":1.67,"id":5626817}]}]}
{"op":"mcm","clk":"7701432327","pt":1540042359420,"mc":[{"id":"1.149875399","rc":[{"ltp":2.48,"id":2249399}]}]}
{"op":"mcm","clk":"7701463133","pt":1540042488880,"mc":[{"id":"1.149875399","rc":[{"ltp":1.68,"id":5626817}]}]}
{"op":"mcm","clk":"7701491039","pt":1540042596592,"mc":[{"id":"1.149875399","rc":[{"ltp":1.67,"id":5626817}]}]}
{"op":"mcm","clk":"7701523961","pt":1540042659351,"mc":[{"id":"1.149875399","rc":[{"ltp":1.66,"id":5626817}]}]}
{"op":"mcm","clk":"7701540131","pt":1540042718462,"mc":[{"id":"1.149875399","rc":[{"ltp":1.67,"id":5626817}]}]}
{"op":"mcm","clk":"7701566780","pt":1540042835017,"mc":[{"id":"1.149875399","rc":[{"ltp":1.66,"id":5626817}]}]}
{"op":"mcm","clk":"7701623371","pt":1540043083032,"mc":[{"id":"1.149875399","rc":[{"ltp":2.52,"id":2249399}]}]}
{"op":"mcm","clk":"7701747094","pt":1540043561060,"mc":[{"id":"1.149875399","rc":[{"ltp":1.65,"id":5626817}]}]}
{"op":"mcm","clk":"7701821355","pt":1540043868854,"mc":[{"id":"1.149875399","rc":[{"ltp":1.66,"id":5626817}]}]}
{"op":"mcm","clk":"7702012594","pt":1540044508562,"mc":[{"id":"1.149875399","rc":[{"ltp":1.65,"id":5626817}]}]}
{"op":"mcm","clk":"7702028362","pt":1540044557679,"mc":[{"id":"1.149875399","rc":[{"ltp":1.66,"id":5626817}]}]}
{"op":"mcm","clk":"7702070441","pt":1540044704490,"mc":[{"id":"1.149875399","rc":[{"ltp":2.54,"id":2249399}]}]}
{"op":"mcm","clk":"7702123598","pt":1540044886082,"mc":[{"id":"1.149875399","rc":[{"ltp":1.65,"id":5626817}]}]}
{"op":"mcm","clk":"7702320750","pt":1540045488509,"mc":[{"id":"1.149875399","rc":[{"ltp":2.6,"id":2249399},{"ltp":1.64,"id":5626817}]}]}
{"op":"mcm","clk":"7702338362","pt":1540045547083,"mc":[{"id":"1.149875399","rc":[{"ltp":2.5,"id":2249399},{"ltp":1.66,"id":5626817}]}]}
{"op":"mcm","clk":"7702356111","pt":1540045605392,"mc":[{"id":"1.149875399","rc":[{"ltp":2.48,"id":2249399}]}]}
{"op":"mcm","clk":"7702431609","pt":1540045848773,"mc":[{"id":"1.149875399","rc":[{"ltp":1.65,"id":5626817}]}]}
{"op":"mcm","clk":"7702467047","pt":1540045962874,"mc":[{"id":"1.149875399","rc":[{"ltp":2.5,"id":2249399}]}]}
{"op":"mcm","clk":"7702609544","pt":1540046376081,"mc":[{"id":"1.149875399","rc":[{"ltp":1.66,"id":5626817}]}]}
{"op":"mcm","clk":"7702649214","pt":1540046506851,"mc":[{"id":"1.149875399","rc":[{"ltp":2.52,"id":2249399}]}]}
{"op":"mcm","clk":"7702685289","pt":1540046624802,"mc":[{"id":"1.149875399","rc":[{"ltp":1.65,"id":5626817}]}]}
{"op":"mcm","clk":"7702703102","pt":1540046685407,"mc":[{"id":"1.149875399","rc":[{"ltp":1.66,"id":5626817}]}]}
{"op":"mcm","clk":"7702735992","pt":1540046792848,"mc":[{"id":"1.149875399","rc":[{"ltp":1.65,"id":5626817}]}]}
{"op":"mcm","clk":"7702769541","pt":1540046911088,"mc":[{"id":"1.149875399","rc":[{"ltp":1.66,"id":5626817}]}]}
{"op":"mcm","clk":"7702781897","pt":1540046961855,"mc":[{"id":"1.149875399","rc":[{"ltp":2.5,"id":2249399}]}]}
{"op":"mcm","clk":"7702799345","pt":1540047035141,"mc":[{"id":"1.149875399","rc":[{"ltp":1.65,"id":5626817}]}]}
{"op":"mcm","clk":"7702902344","pt":1540047429402,"mc":[{"id":"1.149875399","rc":[{"ltp":2.54,"id":2249399}]}]}
{"op":"mcm","clk":"7702929566","pt":1540047554663,"mc":[{"id":"1.149875399","rc":[{"ltp":1.66,"id":5626817}]}]}
{"op":"mcm","clk":"7702964858","pt":1540047708826,"mc":[{"id":"1.149875399","rc":[{"ltp":2.5,"id":2249399},{"ltp":1.67,"id":5626817}]}]}
{"op":"mcm","clk":"7702985475","pt":1540047805722,"mc":[{"id":"1.149875399","rc":[{"ltp":2.48,"id":2249399}]}]}
{"op":"mcm","clk":"7703016767","pt":1540047932818,"mc":[{"id":"1.149875399","rc":[{"ltp":1.66,"id":5626817}]}]}
{"op":"mcm","clk":"7703034553","pt":1540048000238,"mc":[{"id":"1.149875399","rc":[{"ltp":1.67,"id":5626817}]}]}
{"op":"mcm","clk":"7703082298","pt":1540048118856,"mc":[{"id":"1.149875399","rc":[{"ltp":2.46,"id":2249399},{"ltp":1.68,"id":5626817}]}]}
{"op":"mcm","clk":"7703141037","pt":1540048308790,"mc":[{"id":"1.149875399","rc":[{"ltp":2.5,"id":2249399}]}]}
{"op":"mcm","clk":"7703194991","pt":1540048484271,"mc":[{"id":"1.149875399","rc":[{"ltp":2.46,"id":2249399}]}]}
{"op":"mcm","clk":"7703231662","pt":1540048603099,"mc":[{"id":"1.149875399","rc":[{"ltp":2.44,"id":2249399}]}]}
{"op":"mcm","clk":"7703271922","pt":1540048728955,"mc":[{"id":"1.149875399","rc":[{"ltp":2.46,"id":2249399}]}]}
{"op":"mcm","clk":"7703290336","pt":1540048787898,"mc":[{"id":"1.149875399","rc":[{"ltp":2.42,"id":2249399},{"ltp":1.7,"id":5626817}]}]}
{"op":"mcm","clk":"7703309688","pt":1540048848875,"mc":[{"id":"1.149875399","rc":[{"ltp":2.4,"id":2249399},{"ltp":1.71,"id":5626817}]}]}
{"op":"mcm","clk":"7703327407","pt":1540048906011,"mc":[{"id":"1.149875399","rc":[{"ltp":1.72,"id":5626817}]}]}
{"op":"mcm","clk":"7703362763","pt":1540048967325,"mc":[{"id":"1.149875399","rc":[{"ltp":1.7,"id":5626817}]}]}
{"op":"mcm","clk":"7703381140","pt":1540049027052,"mc":[{"id":"1.149875399","rc":[{"ltp":1.72,"id":5626817}]}]}
{"op":"mcm","clk":"7703401987","pt":1540049088771,"mc":[{"id":"1.149875399","rc":[{"ltp":2.34,"id":2249399}]}]}
{"op":"mcm","clk":"7703423434","pt":1540049148656,"mc":[{"id":"1.149875399","rc":[{"ltp":2.36,"id":2249399}]}]}
{"op":"mcm","clk":"7703442167","pt":1540049208937,"mc":[{"id":"1.149875399","rc":[{"ltp":2.34,"id":2249399},{"ltp":1.74,"id":5626817}]}]}
{"op":"mcm","clk":"7703477948","pt":1540049328998,"mc":[{"id":"1.149875399","marketDefinition":{"bspMarket":false,"turnInPlayEnabled":true,"persistenceEnabled":true,"marketBaseRate":5.0,"eventId":"28965346","eventTypeId":"2","numberOfWinners":1,"bettingType":"ODDS","marketType":"MATCH_ODDS","marketTime":"2018-10-20T15:45:00.000Z","suspendTime":"2018-10-20T15:45:00.000Z","bspReconciled":false,"complete":true,"inPlay":false,"crossMatching":true,"runnersVoidable":false,"numberOfActiveRunners":2,"betDelay":0,"status":"OPEN","runners":[{"status":"ACTIVE","sortPriority":1,"id":5626817,"name":"Kyle Edmund"},{"status":"ACTIVE","sortPriority":2,"id":2249399,"name":"Richard Gasquet"}],"regulators":["MR_INT"],"countryCode":"BE","discountAllowed":true,"timezone":"UTC","openDate":"2018-10-20T15:45:00.000Z","version":2464910538,"name":"Match Odds","eventName":"Edmund v Gasquet"}}]}
{"op":"mcm","clk":"7703497121","pt":1540049387366,"mc":[{"id":"1.149875399","rc":[{"ltp":1.73,"id":5626817}]}]}
{"op":"mcm","clk":"7703518015","pt":1540049448977,"mc":[{"id":"1.149875399","rc":[{"ltp":2.36,"id":2249399},{"ltp":1.74,"id":5626817}]}]}
{"op":"mcm","clk":"7703537241","pt":1540049507755,"mc":[{"id":"1.149875399","rc":[{"ltp":2.34,"id":2249399}]}]}
{"op":"mcm","clk":"7703555612","pt":1540049568340,"mc":[{"id":"1.149875399","rc":[{"ltp":2.38,"id":2249399}]}]}
{"op":"mcm","clk":"7703573763","pt":1540049627163,"mc":[{"id":"1.149875399","marketDefinition":{"bspMarket":false,"turnInPlayEnabled":true,"persistenceEnabled":true,"marketBaseRate":5.0,"eventId":"28965346","eventTypeId":"2","numberOfWinners":1,"bettingType":"ODDS","marketType":"MATCH_ODDS","marketTime":"2018-10-20T15:31:00.000Z","suspendTime":"2018-10-20T15:31:00.000Z","bspReconciled":false,"complete":true,"inPlay":false,"crossMatching":true,"runnersVoidable":false,"numberOfActiveRunners":2,"betDelay":0,"status":"OPEN","runners":[{"status":"ACTIVE","sortPriority":1,"id":5626817,"name":"Kyle Edmund"},{"status":"ACTIVE","sortPriority":2,"id":2249399,"name":"Richard Gasquet"}],"regulators":["MR_INT"],"countryCode":"BE","discountAllowed":true,"timezone":"UTC","openDate":"2018-10-20T15:31:00.000Z","version":2464955332,"name":"Match Odds","eventName":"Edmund v Gasquet"},"rc":[{"ltp":2.34,"id":2249399}]}]}
{"op":"mcm","clk":"7703592738","pt":1540049688305,"mc":[{"id":"1.149875399","rc":[{"ltp":1.73,"id":5626817}]}]}
{"op":"mcm","clk":"7703611961","pt":1540049748792,"mc":[{"id":"1.149875399","rc":[{"ltp":1.75,"id":5626817}]}]}
{"op":"mcm","clk":"7703630625","pt":1540049809033,"mc":[{"id":"1.149875399","rc":[{"ltp":2.28,"id":2249399},{"ltp":1.77,"id":5626817}]}]}
{"op":"mcm","clk":"7703662640","pt":1540049861495,"mc":[{"id":"1.149875399","rc":[{"ltp":1.76,"id":5626817}]}]}
{"op":"mcm","clk":"7703680531","pt":1540049919689,"mc":[{"id":"1.149875399","rc":[{"ltp":2.32,"id":2249399}]}]}
{"op":"mcm","clk":"7703699788","pt":1540049983852,"mc":[{"id":"1.149875399","rc":[{"ltp":1.77,"id":5626817}]}]}
{"op":"mcm","clk":"7703718465","pt":1540050042521,"mc":[{"id":"1.149875399","rc":[{"ltp":1.78,"id":5626817}]}]}
{"op":"mcm","clk":"7703739215","pt":1540050108611,"mc":[{"id":"1.149875399","rc":[{"ltp":1.77,"id":5626817}]}]}
{"op":"mcm","clk":"7703757099","pt":1540050168932,"mc":[{"id":"1.149875399","rc":[{"ltp":2.3,"id":2249399},{"ltp":1.78,"id":5626817}]}]}
{"op":"mcm","clk":"7703775188","pt":1540050228298,"mc":[{"id":"1.149875399","rc":[{"ltp":2.28,"id":2249399},{"ltp":1.74,"id":5626817}]}]}
{"op":"mcm","clk":"7703792121","pt":1540050287152,"mc":[{"id":"1.149875399","rc":[{"ltp":1.75,"id":5626817}]}]}
{"op":"mcm","clk":"7703807031","pt":1540050337978,"mc":[{"id":"1.149875399","rc":[{"ltp":2.32,"id":2249399}]}]}
{"op":"mcm","clk":"7703826226","pt":1540050408642,"mc":[{"id":"1.149875399","rc":[{"ltp":1.77,"id":5626817}]}]}
{"op":"mcm","clk":"7703856948","pt":1540050528224,"mc":[{"id":"1.149875399","marketDefinition":{"bspMarket":false,"turnInPlayEnabled":true,"persistenceEnabled":true,"marketBaseRate":5.0,"eventId":"28965346","eventTypeId":"2","numberOfWinners":1,"bettingType":"ODDS","marketType":"MATCH_ODDS","marketTime":"2018-10-20T15:31:00.000Z","suspendTime":"2018-10-20T15:31:00.000Z","bspReconciled":false,"complete":true,"inPlay":true,"crossMatching":true,"runnersVoidable":false,"numberOfActiveRunners":2,"betDelay":5,"status":"OPEN","runners":[{"status":"ACTIVE","sortPriority":1,"id":5626817,"name":"Kyle Edmund"},{"status":"ACTIVE","sortPriority":2,"id":2249399,"name":"Richard Gasquet"}],"regulators":["MR_INT"],"countryCode":"BE","discountAllowed":true,"timezone":"UTC","openDate":"2018-10-20T15:31:00.000Z","version":2465058249,"name":"Match Odds","eventName":"Edmund v Gasquet"},"rc":[{"ltp":1.7,"id":5626817}]}]}
{"op":"mcm","clk":"7703871757","pt":1540050588722,"mc":[{"id":"1.149875399","rc":[{"ltp":2.28,"id":2249399},{"ltp":1.71,"id":5626817}]}]}
{"op":"mcm","clk":"7703885705","pt":1540050648054,"mc":[{"id":"1.149875399","rc":[{"ltp":2.56,"id":2249399},{"ltp":1.67,"id":5626817}]}]}
{"op":"mcm","clk":"7703898720","pt":1540050708614,"mc":[{"id":"1.149875399","rc":[{"ltp":3.05,"id":2249399},{"ltp":1.49,"id":5626817}]}]}
{"op":"mcm","clk":"7703928248","pt":1540050768752,"mc":[{"id":"1.149875399","rc":[{"ltp":3.35,"id":2249399},{"ltp":1.38,"id":5626817}]}]}
{"op":"mcm","clk":"7703942198","pt":1540050828819,"mc":[{"id":"1.149875399","rc":[{"ltp":3.7,"id":2249399},{"ltp":1.37,"id":5626817}]}]}
{"op":"mcm","clk":"7703954969","pt":1540050888822,"mc":[{"id":"1.149875399","rc":[{"ltp":3.45,"id":2249399},{"ltp":1.4,"id":5626817}]}]}
{"op":"mcm","clk":"7703966516","pt":1540050948879,"mc":[{"id":"1.149875399","rc":[{"ltp":3.1,"id":2249399},{"ltp":1.44,"id":5626817}]}]}
{"op":"mcm","clk":"7703977107","pt":1540051008978,"mc":[{"id":"1.149875399","rc":[{"ltp":2.9,"id":2249399},{"ltp":1.52,"id":5626817}]}]}
{"op":"mcm","clk":"7703987456","pt":1540051068443,"mc":[{"id":"1.149875399","rc":[{"ltp":3.5,"id":2249399},{"ltp":1.4,"id":5626817}]}]}
{"op":"mcm","clk":"7703998108","pt":1540051128776,"mc":[{"id":"1.149875399","rc":[{"ltp":3.05,"id":2249399}]}]}
{"op":"mcm","clk":"7704009116","pt":1540051188678,"mc":[{"id":"1.149875399","rc":[{"ltp":3.75,"id":2249399}]}]}
{"op":"mcm","clk":"7704021073","pt":1540051248601,"mc":[{"id":"1.149875399","rc":[{"ltp":3.45,"id":2249399},{"ltp":1.41,"id":5626817}]}]}
{"op":"mcm","clk":"7704033376","pt":1540051309018,"mc":[{"id":"1.149875399","rc":[{"ltp":3.2,"id":2249399},{"ltp":1.45,"id":5626817}]}]}
{"op":"mcm","clk":"7704045446","pt":1540051368836,"mc":[{"id":"1.149875399","rc":[{"ltp":2.88,"id":2249399},{"ltp":1.47,"id":5626817}]}]}
{"op":"mcm","clk":"7704060080","pt":1540051428996,"mc":[{"id":"1.149875399","rc":[{"ltp":3.55,"id":2249399},{"ltp":1.39,"id":5626817}]}]}
{"op":"mcm","clk":"7704073904","pt":1540051488210,"mc":[{"id":"1.149875399","rc":[{"ltp":3.8,"id":2249399},{"ltp":1.37,"id":5626817}]}]}
{"op":"mcm","clk":"7704087284","pt":1540051549044,"mc":[{"id":"1.149875399","rc":[{"ltp":3.85,"id":2249399},{"ltp":1.36,"id":5626817}]}]}
{"op":"mcm","clk":"7704100413","pt":1540051608826,"mc":[{"id":"1.149875399","rc":[{"ltp":3.7,"id":2249399},{"ltp":1.38,"id":5626817}]}]}
{"op":"mcm","clk":"7704130815","pt":1540051668741,"mc":[{"id":"1.149875399","rc":[{"ltp":3.65,"id":2249399}]}]}
{"op":"mcm","clk":"7704144033","pt":1540051727646,"mc":[{"id":"1.149875399","rc":[{"ltp":3.5,"id":2249399},{"ltp":1.36,"id":5626817}]}]}
{"op":"mcm","clk":"7704157417","pt":1540051788649,"mc":[{"id":"1.149875399","rc":[{"ltp":1.4,"id":5626817}]}]}
{"op":"mcm","clk":"7704170102","pt":1540051847472,"mc":[{"id":"1.149875399","rc":[{"ltp":1.34,"id":5626817}]}]}
{"op":"mcm","clk":"7704183244","pt":1540051908370,"mc":[{"id":"1.149875399","rc":[{"ltp":4.1,"id":2249399},{"ltp":1.33,"id":5626817}]}]}
{"op":"mcm","clk":"7704195443","pt":1540051968960,"mc":[{"id":"1.149875399","rc":[{"ltp":3.95,"id":2249399}]}]}
{"op":"mcm","clk":"7704208021","pt":1540052028849,"mc":[{"id":"1.149875399","rc":[{"ltp":4.3,"id":2249399},{"ltp":1.3,"id":5626817}]}]}
{"op":"mcm","clk":"7704221425","pt":1540052089011,"mc":[{"id":"1.149875399","rc":[{"ltp":5.1,"id":2249399},{"ltp":1.24,"id":5626817}]}]}
{"op":"mcm","clk":"7704234605","pt":1540052148847,"mc":[{"id":"1.149875399","rc":[{"ltp":4.8,"id":2249399},{"ltp":1.28,"id":5626817}]}]}
{"op":"mcm","clk":"7704247713","pt":1540052208934,"mc":[{"id":"1.149875399","rc":[{"ltp":3.85,"id":2249399},{"ltp":1.35,"id":5626817}]}]}
{"op":"mcm","clk":"7704260006","pt":1540052269041,"mc":[{"id":"1.149875399","rc":[{"ltp":4.6,"id":2249399},{"ltp":1.28,"id":5626817}]}]}
{"op":"mcm","clk":"7704285108","pt":1540052387812,"mc":[{"id":"1.149875399","rc":[{"ltp":1.27,"id":5626817}]}]}
{"op":"mcm","clk":"7704297801","pt":1540052448769,"mc":[{"id":"1.149875399","rc":[{"ltp":4.9,"id":2249399},{"ltp":1.26,"id":5626817}]}]}
{"op":"mcm","clk":"7704310828","pt":1540052509000,"mc":[{"id":"1.149875399","rc":[{"ltp":5.0,"id":2249399}]}]}
{"op":"mcm","clk":"7704338449","pt":1540052568986,"mc":[{"id":"1.149875399","rc":[{"ltp":4.6,"id":2249399},{"ltp":1.28,"id":5626817}]}]}
{"op":"mcm","clk":"7704351336","pt":1540052629019,"mc":[{"id":"1.149875399","rc":[{"ltp":4.5,"id":2249399},{"ltp":1.29,"id":5626817}]}]}
{"op":"mcm","clk":"7704363715","pt":1540052688857,"mc":[{"id":"1.149875399","rc":[{"ltp":4.8,"id":2249399},{"ltp":1.25,"id":5626817}]}]}
{"op":"mcm","clk":"7704377191","pt":1540052748727,"mc":[{"id":"1.149875399","rc":[{"ltp":5.2,"id":2249399},{"ltp":1.24,"id":5626817}]}]}
{"op":"mcm","clk":"7704390242","pt":1540052808392,"mc":[{"id":"1.149875399","rc":[{"ltp":5.3,"id":2249399},{"ltp":1.22,"id":5626817}]}]}
{"op":"mcm","clk":"7704403552","pt":1540052868780,"mc":[{"id":"1.149875399","rc":[{"ltp":5.0,"id":2249399},{"ltp":1.25,"id":5626817}]}]}
{"op":"mcm","clk":"7704416789","pt":1540052928824,"mc":[{"id":"1.149875399","rc":[{"ltp":4.8,"id":2249399}]}]}
{"op":"mcm","clk":"7704430046","pt":1540052989014,"mc":[{"id":"1.149875399","rc":[{"ltp":4.6,"id":2249399},{"ltp":1.28,"id":5626817}]}]}
{"op":"mcm","clk":"7704443609","pt":1540053048842,"mc":[{"id":"1.149875399","rc":[{"ltp":1.25,"id":5626817}]}]}
{"op":"mcm","clk":"7704456780","pt":1540053108273,"mc":[{"id":"1.149875399","rc":[{"ltp":4.9,"id":2249399},{"ltp":1.29,"id":5626817}]}]}
{"op":"mcm","clk":"7704469773","pt":1540053168807,"mc":[{"id":"1.149875399","rc":[{"ltp":1.24,"id":5626817}]}]}
{"op":"mcm","clk":"7704483023","pt":1540053228168,"mc":[{"id":"1.149875399","rc":[{"ltp":5.1,"id":2249399}]}]}
{"op":"mcm","clk":"7704495834","pt":1540053288661,"mc":[{"id":"1.149875399","rc":[{"ltp":6.0,"id":2249399},{"ltp":1.2,"id":5626817}]}]}
{"op":"mcm","clk":"7704511377","pt":1540053348719,"mc":[{"id":"1.149875399","rc":[{"ltp":10.5,"id":2249399},{"ltp":1.12,"id":5626817}]}]}
{"op":"mcm","clk":"7704525222","pt":1540053408953,"mc":[{"id":"1.149875399","rc":[{"ltp":13.5,"id":2249399},{"ltp":1.08,"id":5626817}]}]}
{"op":"mcm","clk":"7704566705","pt":1540053527810,"mc":[{"id":"1.149875399","rc":[{"ltp":21.0,"id":2249399},{"ltp":1.05,"id":5626817}]}]}
{"op":"mcm","clk":"7704579124","pt":1540053586036,"mc":[{"id":"1.149875399","rc":[{"ltp":1.06,"id":5626817}]}]}
{"op":"mcm","clk":"7704591961","pt":1540053648614,"mc":[{"id":"1.149875399","rc":[{"ltp":1.05,"id":5626817}]}]}
{"op":"mcm","clk":"7704603622","pt":1540053708835,"mc":[{"id":"1.149875399","rc":[{"ltp":15.5,"id":2249399},{"ltp":1.07,"id":5626817}]}]}
{"op":"mcm","clk":"7704618874","pt":1540053768547,"mc":[{"id":"1.149875399","rc":[{"ltp":15.0,"id":2249399}]}]}
{"op":"mcm","clk":"7704632011","pt":1540053828130,"mc":[{"id":"1.149875399","rc":[{"ltp":1.06,"id":5626817}]}]}
{"op":"mcm","clk":"7704645129","pt":1540053888956,"mc":[{"id":"1.149875399","rc":[{"ltp":17.0,"id":2249399},{"ltp":1.07,"id":5626817}]}]}
{"op":"mcm","clk":"7704658055","pt":1540053948285,"mc":[{"id":"1.149875399","rc":[{"ltp":17.5,"id":2249399},{"ltp":1.05,"id":5626817}]}]}
{"op":"mcm","clk":"7704673358","pt":1540054008945,"mc":[{"id":"1.149875399","rc":[{"ltp":26.0,"id":2249399},{"ltp":1.04,"id":5626817}]}]}
{"op":"mcm","clk":"7704685757","pt":1540054068213,"mc":[{"id":"1.149875399","rc":[{"ltp":36.0,"id":2249399},{"ltp":1.03,"id":5626817}]}]}
{"op":"mcm","clk":"7704697354","pt":1540054128883,"mc":[{"id":"1.149875399","rc":[{"ltp":30.0,"id":2249399},{"ltp":1.01,"id":5626817}]}]}
{"op":"mcm","clk":"7704708356","pt":1540054188396,"mc":[{"id":"1.149875399","rc":[{"ltp":26.0,"id":2249399},{"ltp":1.04,"id":5626817}]}]}
{"op":"mcm","clk":"7704719796","pt":1540054249034,"mc":[{"id":"1.149875399","rc":[{"ltp":21.0,"id":2249399},{"ltp":1.06,"id":5626817}]}]}
{"op":"mcm","clk":"7704729834","pt":1540054307906,"mc":[{"id":"1.149875399","rc":[{"ltp":20.0,"id":2249399},{"ltp":1.05,"id":5626817}]}]}
{"op":"mcm","clk":"7704754351","pt":1540054369051,"mc":[{"id":"1.149875399","rc":[{"ltp":21.0,"id":2249399},{"ltp":1.04,"id":5626817}]}]}
{"op":"mcm","clk":"7704764052","pt":1540054427833,"mc":[{"id":"1.149875399","rc":[{"ltp":26.0,"id":2249399}]}]}
{"op":"mcm","clk":"7704774163","pt":1540054488026,"mc":[{"id":"1.149875399","rc":[{"ltp":21.0,"id":2249399},{"ltp":1.05,"id":5626817}]}]}
{"op":"mcm","clk":"7704783391","pt":1540054545758,"mc":[{"id":"1.149875399","rc":[{"ltp":18.0,"id":2249399},{"ltp":1.07,"id":5626817}]}]}
{"op":"mcm","clk":"7704793804","pt":1540054608185,"mc":[{"id":"1.149875399","rc":[{"ltp":17.5,"id":2249399},{"ltp":1.06,"id":5626817}]}]}
{"op":"mcm","clk":"7704803305","pt":1540054668449,"mc":[{"id":"1.149875399","rc":[{"ltp":55.0,"id":2249399},{"ltp":1.02,"id":5626817}]}]}
{"op":"mcm","clk":"7704813059","pt":1540054728918,"mc":[{"id":"1.149875399","rc":[{"ltp":50.0,"id":2249399},{"ltp":1.01,"id":5626817}]}]}
{"op":"mcm","clk":"7704823258","pt":1540054788758,"mc":[{"id":"1.149875399","rc":[{"ltp":100.0,"id":2249399}]}]}
{"op":"mcm","clk":"7704834076","pt":1540054847221,"mc":[{"id":"1.149875399","rc":[{"ltp":34.0,"id":2249399},{"ltp":1.02,"id":5626817}]}]}
{"op":"mcm","clk":"7704845547","pt":1540054908525,"mc":[{"id":"1.149875399","rc":[{"ltp":1.03,"id":5626817}]}]}
{"op":"mcm","clk":"7704857506","pt":1540054969000,"mc":[{"id":"1.149875399","rc":[{"ltp":29.0,"id":2249399},{"ltp":1.04,"id":5626817}]}]}
{"op":"mcm","clk":"7704869521","pt":1540055028713,"mc":[{"id":"1.149875399","rc":[{"ltp":26.0,"id":2249399}]}]}
{"op":"mcm","clk":"7704892638","pt":1540055148786,"mc":[{"id":"1.149875399","marketDefinition":{"bspMarket":false,"turnInPlayEnabled":true,"persistenceEnabled":true,"marketBaseRate":5.0,"eventId":"28965346","eventTypeId":"2","numberOfWinners":1,"bettingType":"ODDS","marketType":"MATCH_ODDS","marketTime":"2018-10-20T15:31:00.000Z","suspendTime":"2018-10-20T15:31:00.000Z","bspReconciled":false,"complete":true,"inPlay":true,"crossMatching":true,"runnersVoidable":false,"numberOfActiveRunners":2,"betDelay":5,"status":"SUSPENDED","runners":[{"status":"ACTIVE","sortPriority":1,"id":5626817,"name":"Kyle Edmund"},{"status":"ACTIVE","sortPriority":2,"id":2249399,"name":"Richard Gasquet"}],"regulators":["MR_INT"],"countryCode":"BE","discountAllowed":true,"timezone":"UTC","openDate":"2018-10-20T15:31:00.000Z","version":2465573978,"name":"Match Odds","eventName":"Edmund v Gasquet"},"rc":[{"ltp":140.0,"id":2249399},{"ltp":1.01,"id":5626817}]}]}
{"op":"mcm","clk":"7704921150","pt":1540055225828,"mc":[{"id":"1.149875399","marketDefinition":{"bspMarket":false,"turnInPlayEnabled":true,"persistenceEnabled":true,"marketBaseRate":5.0,"eventId":"28965346","eventTypeId":"2","numberOfWinners":1,"bettingType":"ODDS","marketType":"MATCH_ODDS","marketTime":"2018-10-20T15:31:00.000Z","suspendTime":"2018-10-20T15:31:00.000Z","bspReconciled":false,"complete":true,"inPlay":true,"crossMatching":false,"runnersVoidable":false,"numberOfActiveRunners":0,"betDelay":5,"status":"CLOSED","settledTime":"2018-10-20T17:06:26.000Z","runners":[{"status":"WINNER","sortPriority":1,"id":5626817,"name":"Kyle Edmund"},{"status":"LOSER","sortPriority":2,"id":2249399,"name":"Richard Gasquet"}],"regulators":["MR_INT"],"countryCode":"BE","discountAllowed":true,"timezone":"UTC","openDate":"2018-10-20T15:31:00.000Z","version":2465578500,"name":"Match Odds","eventName":"Edmund v Gasquet"}}]}
