{"op":"mcm","clk":"7741823518","pt":1539803076157,"mc":[{"id":"1.149743867","marketDefinition":{"bspMarket":false,"turnInPlayEnabled":true,"persistenceEnabled":true,"marketBaseRate":5.0,"eventId":"28961886","eventTypeId":"2","numberOfWinners":1,"bettingType":"ODDS","marketType":"MATCH_ODDS","marketTime":"2018-10-18T18:00:00.000Z","suspendTime":"2018-10-18T18:00:00.000Z","bspReconciled":false,"complete":true,"inPlay":false,"crossMatching":true,"runnersVoidable":false,"numberOfActiveRunners":2,"betDelay":0,"status":"OPEN","runners":[{"status":"ACTIVE","sortPriority":1,"id":5704759,"name":"Eugenie Bouchard"},{"status":"ACTIVE","sortPriority":2,"id":2404122,"name":"Andrea Petkovic"}],"regulators":["MR_INT"],"countryCode":"LU","discountAllowed":true,"timezone":"UTC","openDate":"2018-10-18T18:00:00.000Z","version":2459830201,"name":"Match Odds","eventName":"Bouchard v Petkovic"}}]}
{"op":"mcm","clk":"7742415798","pt":1539807229145,"mc":[{"id":"1.149743867","rc":[{"ltp":1.89,"id":2404122}]}]}
{"op":"mcm","clk":"7742422480","pt":1539807286337,"mc":[{"id":"1.149743867","rc":[{"ltp":2.12,"id":5704759}]}]}
{"op":"mcm","clk":"7742471259","pt":1539807645485,"mc":[{"id":"1.149743867","rc":[{"ltp":1.84,"id":2404122}]}]}
{"op":"mcm","clk":"7742501165","pt":1539807947197,"mc":[{"id":"1.149743867","rc":[{"ltp":1.89,"id":2404122}]}]}
{"op":"mcm","clk":"7742601711","pt":1539808847281,"mc":[{"id":"1.149743867","rc":[{"ltp":1.8,"id":2404122}]}]}
{"op":"mcm","clk":"7742825073","pt":1539811310471,"mc":[{"id":"1.149743867","rc":[{"ltp":1.85,"id":2404122}]}]}
{"op":"mcm","clk":"7743146647","pt":1539815809499,"mc":[{"id":"1.149743867","rc":[{"ltp":1.89,"id":2404122}]}]}
{"op":"mcm","clk":"7743623710","pt":1539823060651,"mc":[{"id":"1.149743867","rc":[{"ltp":1.83,"id":2404122}]}]}
{"op":"mcm","clk":"7743690758","pt":1539824011126,"mc":[{"id":"1.149743867","rc":[{"ltp":1.82,"id":2404122}]}]}
{"op":"mcm","clk":"7743868045","pt":1539825889784,"mc":[{"id":"1.149743867","rc":[{"ltp":2.14,"id":5704759}]}]}
{"op":"mcm","clk":"7744435208","pt":1539831816698,"mc":[{"id":"1.149743867","rc":[{"ltp":2.22,"id":5704759}]}]}
{"op":"mcm","clk":"7744607578","pt":1539834205948,"mc":[{"id":"1.149743867","rc":[{"ltp":1.81,"id":2404122}]}]}
{"op":"mcm","clk":"7744843836","pt":1539837765947,"mc":[{"id":"1.149743867","rc":[{"ltp":2.2,"id":5704759},{"ltp":1.82,"id":2404122}]}]}
{"op":"mcm","clk":"7744877031","pt":1539838192837,"mc":[{"id":"1.149743867","rc":[{"ltp":1.81,"id":2404122}]}]}
{"op":"mcm","clk":"7744991586","pt":1539840343772,"mc":[{"id":"1.149743867","rc":[{"ltp":1.82,"id":2404122}]}]}
{"op":"mcm","clk":"7745090086","pt":1539842086466,"mc":[{"id":"1.149743867","rc":[{"ltp":1.83,"id":2404122}]}]}
{"op":"mcm","clk":"7745317418","pt":1539846824158,"mc":[{"id":"1.149743867","rc":[{"ltp":1.81,"id":2404122}]}]}
{"op":"mcm","clk":"7745354346","pt":1539847458065,"mc":[{"id":"1.149743867","rc":[{"ltp":2.22,"id":5704759},{"ltp":1.82,"id":2404122}]}]}
{"op":"mcm","clk":"7745358228","pt":1539847545998,"mc":[{"id":"1.149743867","rc":[{"ltp":2.2,"id":5704759},{"ltp":1.83,"id":2404122}]}]}
{"op":"mcm","clk":"7745423559","pt":1539848783234,"mc":[{"id":"1.149743867","rc":[{"ltp":1.84,"id":2404122}]}]}
{"op":"mcm","clk":"7745457486","pt":1539849274109,"mc":[{"id":"1.149743867","rc":[{"ltp":1.83,"id":2404122}]}]}
{"op":"mcm","clk":"7745502410","pt":1539849928536,"mc":[{"id":"1.149743867","rc":[{"ltp":1.81,"id":2404122}]}]}
{"op":"mcm","clk":"7745535030","pt":1539850602054,"mc":[{"id":"1.149743867","rc":[{"ltp":1.85,"id":2404122}]}]}
{"op":"mcm","clk":"7745565324","pt":1539850960236,"mc":[{"id":"1.149743867","rc":[{"ltp":2.16,"id":5704759}]}]}
{"op":"mcm","clk":"7745614436","pt":1539851687274,"mc":[{"id":"1.149743867","rc":[{"ltp":2.18,"id":5704759}]}]}
{"op":"mcm","clk":"7745631768","pt":1539852048477,"mc":[{"id":"1.149743867","rc":[{"ltp":1.83,"id":2404122}]}]}
{"op":"mcm","clk":"7745742472","pt":1539853669762,"mc":[{"id":"1.149743867","rc":[{"ltp":1.85,"id":2404122}]}]}
{"op":"mcm","clk":"7745866076","pt":1539855421125,"mc":[{"id":"1.149743867","rc":[{"ltp":1.84,"id":2404122}]}]}
{"op":"mcm","clk":"7745987471","pt":1539857082022,"mc":[{"id":"1.149743867","rc":[{"ltp":1.85,"id":2404122}]}]}
{"op":"mcm","clk":"7746091278","pt":1539858314885,"mc":[{"id":"1.149743867","rc":[{"ltp":1.84,"id":2404122}]}]}
{"op":"mcm","clk":"7746103370","pt":1539858505287,"mc":[{"id":"1.149743867","rc":[{"ltp":1.85,"id":2404122}]}]}
{"op":"mcm","clk":"7746136729","pt":1539858785966,"mc":[{"id":"1.149743867","rc":[{"ltp":1.86,"id":2404122}]}]}
{"op":"mcm","clk":"7746174863","pt":1539859311733,"mc":[{"id":"1.149743867","rc":[{"ltp":2.2,"id":5704759},{"ltp":1.83,"id":2404122}]}]}
{"op":"mcm","clk":"7746183422","pt":1539859432510,"mc":[{"id":"1.149743867","rc":[{"ltp":1.82,"id":2404122}]}]}
{"op":"mcm","clk":"7746185732","pt":1539859464818,"mc":[{"id":"1.149743867","rc":[{"ltp":2.22,"id":5704759}]}]}
{"op":"mcm","clk":"7746237725","pt":1539860027531,"mc":[{"id":"1.149743867","rc":[{"ltp":2.2,"id":5704759},{"ltp":1.84,"id":2404122}]}]}
{"op":"mcm","clk":"7746304118","pt":1539860662463,"mc":[{"id":"1.149743867","rc":[{"ltp":1.85,"id":2404122}]}]}
{"op":"mcm","clk":"7746502557","pt":1539862791690,"mc":[{"id":"1.149743867","rc":[{"ltp":1.83,"id":2404122}]}]}
{"op":"mcm","clk":"7746565129","pt":1539863357512,"mc":[{"id":"1.149743867","rc":[{"ltp":1.82,"id":2404122}]}]}
{"op":"mcm","clk":"7746651614","pt":1539864194414,"mc":[{"id":"1.149743867","rc":[{"ltp":2.18,"id":5704759}]}]}
{"op":"mcm","clk":"7746768265","pt":1539865358010,"mc":[{"id":"1.149743867","rc":[{"ltp":1.84,"id":2404122}]}]}
{"op":"mcm","clk":"7746778028","pt":1539865475629,"mc":[{"id":"1.149743867","rc":[{"ltp":2.22,"id":5704759}]}]}
{"op":"mcm","clk":"7746779342","pt":1539865493501,"mc":[{"id":"1.149743867","rc":[{"ltp":1.83,"id":2404122}]}]}
{"op":"mcm","clk":"7746857312","pt":1539866292383,"mc":[{"id":"1.149743867","rc":[{"ltp":1.84,"id":2404122}]}]}
{"op":"mcm","clk":"7746917545","pt":1539866894615,"mc":[{"id":"1.149743867","rc":[{"ltp":2.18,"id":5704759}]}]}
{"op":"mcm","clk":"7746943917","pt":1539867234929,"mc":[{"id":"1.149743867","rc":[{"ltp":2.22,"id":5704759}]}]}
{"op":"mcm","clk":"7746958058","pt":1539867410012,"mc":[{"id":"1.149743867","rc":[{"ltp":2.18,"id":5704759},{"ltp":1.83,"id":2404122}]}]}
{"op":"mcm","clk":"7746977434","pt":1539867689616,"mc":[{"id":"1.149743867","rc":[{"ltp":1.84,"id":2404122}]}]}
{"op":"mcm","clk":"7747017280","pt":1539868028722,"mc":[{"id":"1.149743867","rc":[{"ltp":1.83,"id":2404122}]}]}
{"op":"mcm","clk":"7747050681","pt":1539868465436,"mc":[{"id":"1.149743867","rc":[{"ltp":2.2,"id":5704759}]}]}
{"op":"mcm","clk":"7747083548","pt":1539868724360,"mc":[{"id":"1.149743867","rc":[{"ltp":1.82,"id":2404122}]}]}
{"op":"mcm","clk":"7747085696","pt":1539868750562,"mc":[{"id":"1.149743867","rc":[{"ltp":2.22,"id":5704759}]}]}
{"op":"mcm","clk":"7747172994","pt":1539869692175,"mc":[{"id":"1.149743867","rc":[{"ltp":2.2,"id":5704759}]}]}
{"op":"mcm","clk":"7747175129","pt":1539869716968,"mc":[{"id":"1.149743867","rc":[{"ltp":1.81,"id":2404122}]}]}
{"op":"mcm","clk":"7747370992","pt":1539871827915,"mc":[{"id":"1.149743867","rc":[{"ltp":1.83,"id":2404122}]}]}
{"op":"mcm","clk":"7747513393","pt":1539873393564,"mc":[{"id":"1.149743867","rc":[{"ltp":1.84,"id":2404122}]}]}
{"op":"mcm","clk":"7747517887","pt":1539873463309,"mc":[{"id":"1.149743867","rc":[{"ltp":1.83,"id":2404122}]}]}
{"op":"mcm","clk":"7747529211","pt":1539873636604,"mc":[{"id":"1.149743867","rc":[{"ltp":1.82,"id":2404122}]}]}
{"op":"mcm","clk":"7747533804","pt":1539873706091,"mc":[{"id":"1.149743867","rc":[{"ltp":2.22,"id":5704759},{"ltp":1.8,"id":2404122}]}]}
{"op":"mcm","clk":"7747537716","pt":1539873763762,"mc":[{"id":"1.149743867","rc":[{"ltp":1.82,"id":2404122}]}]}
{"op":"mcm","clk":"7747539966","pt":1539873795708,"mc":[{"id":"1.149743867","rc":[{"ltp":2.24,"id":5704759}]}]}
{"op":"mcm","clk":"7747556927","pt":1539874010194,"mc":[{"id":"1.149743867","rc":[{"ltp":1.8,"id":2404122}]}]}
{"op":"mcm","clk":"7747578742","pt":1539874105267,"mc":[{"id":"1.149743867","rc":[{"ltp":2.26,"id":5704759},{"ltp":1.79,"id":2404122}]}]}
{"op":"mcm","clk":"7747611434","pt":1539874612007,"mc":[{"id":"1.149743867","rc":[{"ltp":2.24,"id":5704759},{"ltp":1.8,"id":2404122}]}]}
{"op":"mcm","clk":"7747615142","pt":1539874665920,"mc":[{"id":"1.149743867","rc":[{"ltp":2.22,"id":5704759}]}]}
{"op":"mcm","clk":"7747648062","pt":1539874931010,"mc":[{"id":"1.149743867","rc":[{"ltp":1.82,"id":2404122}]}]}
{"op":"mcm","clk":"7747652059","pt":1539874983391,"mc":[{"id":"1.149743867","rc":[{"ltp":1.8,"id":2404122}]}]}
{"op":"mcm","clk":"7747664766","pt":1539875137060,"mc":[{"id":"1.149743867","rc":[{"ltp":2.24,"id":5704759}]}]}
{"op":"mcm","clk":"7747677967","pt":1539875287129,"mc":[{"id":"1.149743867","rc":[{"ltp":1.81,"id":2404122}]}]}
{"op":"mcm","clk":"7747712186","pt":1539875709093,"mc":[{"id":"1.149743867","rc":[{"ltp":1.8,"id":2404122}]}]}
{"op":"mcm","clk":"7747737814","pt":1539875855358,"mc":[{"id":"1.149743867","rc":[{"ltp":1.82,"id":2404122}]}]}
{"op":"mcm","clk":"7747743500","pt":1539875932145,"mc":[{"id":"1.149743867","rc":[{"ltp":1.8,"id":2404122}]}]}
{"op":"mcm","clk":"7747766005","pt":1539876227992,"mc":[{"id":"1.149743867","rc":[{"ltp":1.79,"id":2404122}]}]}
{"op":"mcm","clk":"7747798549","pt":1539876649599,"mc":[{"id":"1.149743867","rc":[{"ltp":2.26,"id":5704759}]}]}
{"op":"mcm","clk":"7747832232","pt":1539876938500,"mc":[{"id":"1.149743867","rc":[{"ltp":2.28,"id":5704759}]}]}
{"op":"mcm","clk":"7747855309","pt":1539877252295,"mc":[{"id":"1.149743867","rc":[{"ltp":1.8,"id":2404122}]}]}
{"op":"mcm","clk":"7747930525","pt":1539877956374,"mc":[{"id":"1.149743867","rc":[{"ltp":2.24,"id":5704759}]}]}
{"op":"mcm","clk":"7747936201","pt":1539878024371,"mc":[{"id":"1.149743867","marketDefinition":{"bspMarket":false,"turnInPlayEnabled":true,"persistenceEnabled":true,"marketBaseRate":5.0,"eventId":"28961886","eventTypeId":"2","numberOfWinners":1,"bettingType":"ODDS","marketType":"MATCH_ODDS","marketTime":"2018-10-18T17:51:00.000Z","suspendTime":"2018-10-18T17:51:00.000Z","bspReconciled":false,"complete":true,"inPlay":false,"crossMatching":true,"runnersVoidable":false,"numberOfActiveRunners":2,"betDelay":0,"status":"OPEN","runners":[{"status":"ACTIVE","sortPriority":1,"id":5704759,"name":"Eugenie Bouchard"},{"status":"ACTIVE","sortPriority":2,"id":2404122,"name":"Andrea Petkovic"}],"regulators":["MR_INT"],"countryCode":"LU","discountAllowed":true,"timezone":"UTC","openDate":"2018-10-18T17:51:00.000Z","version":2460670738,"name":"Match Odds","eventName":"Bouchard v Petkovic"}}]}
{"op":"mcm","clk":"7748010107","pt":1539878674567,"mc":[{"id":"1.149743867","rc":[{"ltp":1.78,"id":2404122}]}]}
{"op":"mcm","clk":"7748029159","pt":1539878856531,"mc":[{"id":"1.149743867","rc":[{"ltp":1.77,"id":2404122}]}]}
{"op":"mcm","clk":"7748035114","pt":1539878917473,"mc":[{"id":"1.149743867","rc":[{"ltp":1.79,"id":2404122}]}]}
{"op":"mcm","clk":"7748042620","pt":1539878992152,"mc":[{"id":"1.149743867","rc":[{"ltp":1.77,"id":2404122}]}]}
{"op":"mcm","clk":"7748081012","pt":1539879406893,"mc":[{"id":"1.149743867","rc":[{"ltp":2.3,"id":5704759}]}]}
{"op":"mcm","clk":"7748118853","pt":1539879634503,"mc":[{"id":"1.149743867","rc":[{"ltp":1.78,"id":2404122}]}]}
{"op":"mcm","clk":"7748168219","pt":1539880069433,"mc":[{"id":"1.149743867","rc":[{"ltp":1.76,"id":2404122}]}]}
{"op":"mcm","clk":"7748175653","pt":1539880130957,"mc":[{"id":"1.149743867","rc":[{"ltp":2.28,"id":5704759},{"ltp":1.78,"id":2404122}]}]}
{"op":"mcm","clk":"7748187380","pt":1539880228540,"mc":[{"id":"1.149743867","rc":[{"ltp":1.79,"id":2404122}]}]}
{"op":"mcm","clk":"7748219972","pt":1539880371704,"mc":[{"id":"1.149743867","rc":[{"ltp":1.78,"id":2404122}]}]}
{"op":"mcm","clk":"7748243246","pt":1539880552044,"mc":[{"id":"1.149743867","rc":[{"ltp":1.79,"id":2404122}]}]}
{"op":"mcm","clk":"7748250884","pt":1539880612281,"mc":[{"id":"1.149743867","rc":[{"ltp":1.78,"id":2404122}]}]}
{"op":"mcm","clk":"7748386583","pt":1539881547778,"mc":[{"id":"1.149743867","rc":[{"ltp":2.26,"id":5704759}]}]}
{"op":"mcm","clk":"7748403655","pt":1539881688820,"mc":[{"id":"1.149743867","rc":[{"ltp":2.28,"id":5704759},{"ltp":1.79,"id":2404122}]}]}
{"op":"mcm","clk":"7748412380","pt":1539881752477,"mc":[{"id":"1.149743867","rc":[{"ltp":2.26,"id":5704759},{"ltp":1.8,"id":2404122}]}]}
{"op":"mcm","clk":"7748427295","pt":1539881866282,"mc":[{"id":"1.149743867","rc":[{"ltp":1.79,"id":2404122}]}]}
{"op":"mcm","clk":"7748430297","pt":1539881888651,"mc":[{"id":"1.149743867","rc":[{"ltp":2.28,"id":5704759},{"ltp":1.78,"id":2404122}]}]}
{"op":"mcm","clk":"7748489672","pt":1539882226693,"mc":[{"id":"1.149743867","rc":[{"ltp":2.26,"id":5704759}]}]}
{"op":"mcm","clk":"7748522923","pt":1539882466687,"mc":[{"id":"1.149743867","rc":[{"ltp":1.79,"id":2404122}]}]}
{"op":"mcm","clk":"7748554611","pt":1539882698138,"mc":[{"id":"1.149743867","rc":[{"ltp":2.28,"id":5704759}]}]}
{"op":"mcm","clk":"7748578685","pt":1539882891252,"mc":[{"id":"1.149743867","rc":[{"ltp":2.26,"id":5704759}]}]}
{"op":"mcm","clk":"7748585458","pt":1539882947579,"mc":[{"id":"1.149743867","rc":[{"ltp":1.78,"id":2404122}]}]}
{"op":"mcm","clk":"7748631262","pt":1539883173861,"mc":[{"id":"1.149743867","rc":[{"ltp":1.79,"id":2404122}]}]}
{"op":"mcm","clk":"7748638996","pt":1539883238925,"mc":[{"id":"1.149743867","rc":[{"ltp":2.28,"id":5704759}]}]}
{"op":"mcm","clk":"7748647953","pt":1539883310703,"mc":[{"id":"1.149743867","rc":[{"ltp":2.26,"id":5704759}]}]}
{"op":"mcm","clk":"7748650961","pt":1539883335401,"mc":[{"id":"1.149743867","rc":[{"ltp":1.78,"id":2404122}]}]}
{"op":"mcm","clk":"7748663353","pt":1539883432391,"mc":[{"id":"1.149743867","rc":[{"ltp":2.28,"id":5704759}]}]}
{"op":"mcm","clk":"7748670737","pt":1539883485369,"mc":[{"id":"1.149743867","rc":[{"ltp":2.24,"id":5704759},{"ltp":1.82,"id":2404122}]}]}
{"op":"mcm","clk":"7748680054","pt":1539883551766,"mc":[{"id":"1.149743867","rc":[{"ltp":1.8,"id":2404122}]}]}
{"op":"mcm","clk":"7748684548","pt":1539883585957,"mc":[{"id":"1.149743867","rc":[{"ltp":1.81,"id":2404122}]}]}
{"op":"mcm","clk":"7748694782","pt":1539883662085,"mc":[{"id":"1.149743867","rc":[{"ltp":2.22,"id":5704759}]}]}
{"op":"mcm","clk":"7748704093","pt":1539883731423,"mc":[{"id":"1.149743867","rc":[{"ltp":2.24,"id":5704759},{"ltp":1.79,"id":2404122}]}]}
{"op":"mcm","clk":"7748725161","pt":1539883908809,"mc":[{"id":"1.149743867","rc":[{"ltp":1.78,"id":2404122}]}]}
{"op":"mcm","clk":"7748759475","pt":1539884090676,"mc":[{"id":"1.149743867","rc":[{"ltp":2.28,"id":5704759}]}]}
{"op":"mcm","clk":"7748771668","pt":1539884204589,"mc":[{"id":"1.149743867","rc":[{"ltp":1.79,"id":2404122}]}]}
{"op":"mcm","clk":"7748777656","pt":1539884259485,"mc":[{"id":"1.149743867","rc":[{"ltp":1.78,"id":2404122}]}]}
{"op":"mcm","clk":"7748793127","pt":1539884382847,"mc":[{"id":"1.149743867","rc":[{"ltp":1.79,"id":2404122}]}]}
{"op":"mcm","clk":"7748799709","pt":1539884438122,"mc":[{"id":"1.149743867","rc":[{"ltp":2.3,"id":5704759},{"ltp":1.77,"id":2404122}]}]}
{"op":"mcm","clk":"7748807833","pt":1539884507323,"mc":[{"id":"1.149743867","rc":[{"ltp":2.28,"id":5704759},{"ltp":1.76,"id":2404122}]}]}
{"op":"mcm","clk":"7748816365","pt":1539884572260,"mc":[{"id":"1.149743867","rc":[{"ltp":2.38,"id":5704759},{"ltp":1.73,"id":2404122}]}]}
{"op":"mcm","clk":"7748823937","pt":1539884630463,"mc":[{"id":"1.149743867","rc":[{"ltp":2.3,"id":5704759},{"ltp":1.77,"id":2404122}]}]}
{"op":"mcm","clk":"7748831410","pt":1539884692151,"mc":[{"id":"1.149743867","rc":[{"ltp":1.74,"id":2404122}]}]}
{"op":"mcm","clk":"7748839051","pt":1539884752551,"mc":[{"id":"1.149743867","rc":[{"ltp":1.76,"id":2404122}]}]}
{"op":"mcm","clk":"7748845796","pt":1539884808748,"mc":[{"id":"1.149743867","rc":[{"ltp":2.28,"id":5704759}]}]}
{"op":"mcm","clk":"7748897906","pt":1539885109033,"mc":[{"id":"1.149743867","rc":[{"ltp":2.34,"id":5704759},{"ltp":1.75,"id":2404122}]}]}
{"op":"mcm","clk":"7748912149","pt":1539885232122,"mc":[{"id":"1.149743867","marketDefinition":{"bspMarket":false,"turnInPlayEnabled":true,"persistenceEnabled":true,"marketBaseRate":5.0,"eventId":"28961886","eventTypeId":"2","numberOfWinners":1,"bettingType":"ODDS","marketType":"MATCH_ODDS","marketTime":"2018-10-18T18:06:00.000Z","suspendTime":"2018-10-18T18:06:00.000Z","bspReconciled":false,"complete":true,"inPlay":false,"crossMatching":true,"runnersVoidable":false,"numberOfActiveRunners":2,"betDelay":0,"status":"OPEN","runners":[{"status":"ACTIVE","sortPriority":1,"id":5704759,"name":"Eugenie Bouchard"},{"status":"ACTIVE","sortPriority":2,"id":2404122,"name":"Andrea Petkovic"}],"regulators":["MR_INT"],"countryCode":"LU","discountAllowed":true,"timezone":"UTC","openDate":"2018-10-18T18:06:00.000Z","version":2460778627,"name":"Match Odds","eventName":"Bouchard v Petkovic"}}]}
{"op":"mcm","clk":"7748938903","pt":1539885470779,"mc":[{"id":"1.149743867","rc":[{"ltp":1.76,"id":2404122}]}]}
{"op":"mcm","clk":"7748944573","pt":1539885520149,"mc":[{"id":"1.149743867","rc":[{"ltp":1.77,"id":2404122}]}]}
{"op":"mcm","clk":"7748953012","pt":1539885592128,"mc":[{"id":"1.149743867","rc":[{"ltp":2.26,"id":5704759},{"ltp":1.76,"id":2404122}]}]}
{"op":"mcm","clk":"7748965462","pt":1539885682521,"mc":[{"id":"1.149743867","rc":[{"ltp":2.28,"id":5704759},{"ltp":1.78,"id":2404122}]}]}
{"op":"mcm","clk":"7748989967","pt":1539885743288,"mc":[{"id":"1.149743867","rc":[{"ltp":1.77,"id":2404122}]}]}
{"op":"mcm","clk":"7749000766","pt":1539885821870,"mc":[{"id":"1.149743867","marketDefinition":{"bspMarket":false,"turnInPlayEnabled":true,"persistenceEnabled":true,"marketBaseRate":5.0,"eventId":"28961886","eventTypeId":"2","numberOfWinners":1,"bettingType":"ODDS","marketType":"MATCH_ODDS","marketTime":"2018-10-18T18:08:00.000Z","suspendTime":"2018-10-18T18:08:00.000Z","bspReconciled":false,"complete":true,"inPlay":false,"crossMatching":true,"runnersVoidable":false,"numberOfActiveRunners":2,"betDelay":0,"status":"OPEN","runners":[{"status":"ACTIVE","sortPriority":1,"id":5704759,"name":"Eugenie Bouchard"},{"status":"ACTIVE","sortPriority":2,"id":2404122,"name":"Andrea Petkovic"}],"regulators":["MR_INT"],"countryCode":"LU","discountAllowed":true,"timezone":"UTC","openDate":"2018-10-18T18:08:00.000Z","version":2460809666,"name":"Match Odds","eventName":"Bouchard v Petkovic"},"rc":[{"ltp":1.78,"id":2404122}]}]}
{"op":"mcm","clk":"7749017601","pt":1539885951332,"mc":[{"id":"1.149743867","rc":[{"ltp":2.3,"id":5704759},{"ltp":1.75,"id":2404122}]}]}
{"op":"mcm","clk":"7749024645","pt":1539886007227,"mc":[{"id":"1.149743867","rc":[{"ltp":2.28,"id":5704759},{"ltp":1.77,"id":2404122}]}]}
{"op":"mcm","clk":"7749032144","pt":1539886072515,"mc":[{"id":"1.149743867","rc":[{"ltp":2.3,"id":5704759},{"ltp":1.76,"id":2404122}]}]}
{"op":"mcm","clk":"7749038426","pt":1539886131310,"mc":[{"id":"1.149743867","marketDefinition":{"bspMarket":false,"turnInPlayEnabled":true,"persistenceEnabled":true,"marketBaseRate":5.0,"eventId":"28961886","eventTypeId":"2","numberOfWinners":1,"bettingType":"ODDS","marketType":"MATCH_ODDS","marketTime":"2018-10-18T18:04:00.000Z","suspendTime":"2018-10-18T18:04:00.000Z","bspReconciled":false,"complete":true,"inPlay":false,"crossMatching":true,"runnersVoidable":false,"numberOfActiveRunners":2,"betDelay":0,"status":"OPEN","runners":[{"status":"ACTIVE","sortPriority":1,"id":5704759,"name":"Eugenie Bouchard"},{"status":"ACTIVE","sortPriority":2,"id":2404122,"name":"Andrea Petkovic"}],"regulators":["MR_INT"],"countryCode":"LU","discountAllowed":true,"timezone":"UTC","openDate":"2018-10-18T18:04:00.000Z","version":2460820566,"name":"Match Odds","eventName":"Bouchard v Petkovic"},"rc":[{"ltp":1.75,"id":2404122}]}]}
{"op":"mcm","clk":"7749044889","pt":1539886191737,"mc":[{"id":"1.149743867","rc":[{"ltp":1.76,"id":2404122}]}]}
{"op":"mcm","clk":"7749063707","pt":1539886371986,"mc":[{"id":"1.149743867","rc":[{"ltp":1.77,"id":2404122}]}]}
{"op":"mcm","clk":"7749071057","pt":1539886430622,"mc":[{"id":"1.149743867","rc":[{"ltp":2.28,"id":5704759}]}]}
{"op":"mcm","clk":"7749093742","pt":1539886611030,"mc":[{"id":"1.149743867","rc":[{"ltp":2.26,"id":5704759},{"ltp":1.79,"id":2404122}]}]}
{"op":"mcm","clk":"7749117625","pt":1539886670236,"mc":[{"id":"1.149743867","rc":[{"ltp":1.78,"id":2404122}]}]}
{"op":"mcm","clk":"7749124707","pt":1539886730057,"mc":[{"id":"1.149743867","rc":[{"ltp":2.28,"id":5704759},{"ltp":1.77,"id":2404122}]}]}
{"op":"mcm","clk":"7749132511","pt":1539886792301,"mc":[{"id":"1.149743867","marketDefinition":{"bspMarket":false,"turnInPlayEnabled":true,"persistenceEnabled":true,"marketBaseRate":5.0,"eventId":"28961886","eventTypeId":"2","numberOfWinners":1,"bettingType":"ODDS","marketType":"MATCH_ODDS","marketTime":"2018-10-18T18:04:00.000Z","suspendTime":"2018-10-18T18:04:00.000Z","bspReconciled":false,"complete":true,"inPlay":true,"crossMatching":true,"runnersVoidable":false,"numberOfActiveRunners":2,"betDelay":5,"status":"OPEN","runners":[{"status":"ACTIVE","sortPriority":1,"id":5704759,"name":"Eugenie Bouchard"},{"status":"ACTIVE","sortPriority":2,"id":2404122,"name":"Andrea Petkovic"}],"regulators":["MR_INT"],"countryCode":"LU","discountAllowed":true,"timezone":"UTC","openDate":"2018-10-18T18:04:00.000Z","version":2460845277,"name":"Match Odds","eventName":"Bouchard v Petkovic"},"rc":[{"ltp":1.75,"id":2404122}]}]}
{"op":"mcm","clk":"7749140059","pt":1539886852493,"mc":[{"id":"1.149743867","rc":[{"ltp":1.66,"id":2404122}]}]}
{"op":"mcm","clk":"7749147182","pt":1539886911344,"mc":[{"id":"1.149743867","rc":[{"ltp":2.24,"id":5704759},{"ltp":1.8,"id":2404122}]}]}
{"op":"mcm","clk":"7749154717","pt":1539886972473,"mc":[{"id":"1.149743867","rc":[{"ltp":2.12,"id":5704759},{"ltp":1.73,"id":2404122}]}]}
{"op":"mcm","clk":"7749169200","pt":1539887092492,"mc":[{"id":"1.149743867","rc":[{"ltp":2.46,"id":5704759},{"ltp":1.68,"id":2404122}]}]}
{"op":"mcm","clk":"7749176702","pt":1539887152557,"mc":[{"id":"1.149743867","rc":[{"ltp":2.12,"id":5704759},{"ltp":1.89,"id":2404122}]}]}
{"op":"mcm","clk":"7749183966","pt":1539887212271,"mc":[{"id":"1.149743867","rc":[{"ltp":2.16,"id":5704759},{"ltp":1.79,"id":2404122}]}]}
{"op":"mcm","clk":"7749190955","pt":1539887272449,"mc":[{"id":"1.149743867","rc":[{"ltp":2.48,"id":5704759},{"ltp":1.57,"id":2404122}]}]}
{"op":"mcm","clk":"7749197774","pt":1539887332300,"mc":[{"id":"1.149743867","rc":[{"ltp":2.36,"id":5704759},{"ltp":1.75,"id":2404122}]}]}
{"op":"mcm","clk":"7749204701","pt":1539887392486,"mc":[{"id":"1.149743867","rc":[{"ltp":1.72,"id":2404122}]}]}
{"op":"mcm","clk":"7749211828","pt":1539887451693,"mc":[{"id":"1.149743867","rc":[{"ltp":2.8,"id":5704759},{"ltp":1.55,"id":2404122}]}]}
{"op":"mcm","clk":"7749219342","pt":1539887512510,"mc":[{"id":"1.149743867","rc":[{"ltp":2.36,"id":5704759},{"ltp":1.73,"id":2404122}]}]}
{"op":"mcm","clk":"7749243472","pt":1539887572539,"mc":[{"id":"1.149743867","rc":[{"ltp":2.9,"id":5704759},{"ltp":1.55,"id":2404122}]}]}
{"op":"mcm","clk":"7749250290","pt":1539887632018,"mc":[{"id":"1.149743867","rc":[{"ltp":3.2,"id":5704759},{"ltp":1.48,"id":2404122}]}]}
{"op":"mcm","clk":"7749257339","pt":1539887692501,"mc":[{"id":"1.149743867","rc":[{"ltp":3.85,"id":5704759},{"ltp":1.34,"id":2404122}]}]}
{"op":"mcm","clk":"7749263604","pt":1539887752281,"mc":[{"id":"1.149743867","rc":[{"ltp":4.1,"id":5704759},{"ltp":1.31,"id":2404122}]}]}
{"op":"mcm","clk":"7749269771","pt":1539887812465,"mc":[{"id":"1.149743867","rc":[{"ltp":4.3,"id":5704759},{"ltp":1.29,"id":2404122}]}]}
{"op":"mcm","clk":"7749275154","pt":1539887872472,"mc":[{"id":"1.149743867","rc":[{"ltp":5.7,"id":5704759},{"ltp":1.21,"id":2404122}]}]}
{"op":"mcm","clk":"7749281064","pt":1539887932288,"mc":[{"id":"1.149743867","rc":[{"ltp":4.3,"id":5704759},{"ltp":1.3,"id":2404122}]}]}
{"op":"mcm","clk":"7749286717","pt":1539887992495,"mc":[{"id":"1.149743867","rc":[{"ltp":3.75,"id":5704759},{"ltp":1.38,"id":2404122}]}]}
{"op":"mcm","clk":"7749292448","pt":1539888052256,"mc":[{"id":"1.149743867","rc":[{"ltp":3.95,"id":5704759},{"ltp":1.39,"id":2404122}]}]}
{"op":"mcm","clk":"7749298481","pt":1539888112517,"mc":[{"id":"1.149743867","rc":[{"ltp":3.3,"id":5704759},{"ltp":1.47,"id":2404122}]}]}
{"op":"mcm","clk":"7749304661","pt":1539888172243,"mc":[{"id":"1.149743867","rc":[{"ltp":2.82,"id":5704759},{"ltp":1.54,"id":2404122}]}]}
{"op":"mcm","clk":"7749310812","pt":1539888232428,"mc":[{"id":"1.149743867","rc":[{"ltp":2.76,"id":5704759},{"ltp":1.58,"id":2404122}]}]}
{"op":"mcm","clk":"7749317106","pt":1539888292521,"mc":[{"id":"1.149743867","rc":[{"ltp":3.0,"id":5704759},{"ltp":1.42,"id":2404122}]}]}
{"op":"mcm","clk":"7749323592","pt":1539888352423,"mc":[{"id":"1.149743867","rc":[{"ltp":1.5,"id":2404122}]}]}
{"op":"mcm","clk":"7749330027","pt":1539888412476,"mc":[{"id":"1.149743867","rc":[{"ltp":3.3,"id":5704759},{"ltp":1.54,"id":2404122}]}]}
{"op":"mcm","clk":"7749353441","pt":1539888472475,"mc":[{"id":"1.149743867","rc":[{"ltp":2.32,"id":5704759},{"ltp":1.76,"id":2404122}]}]}
{"op":"mcm","clk":"7749360200","pt":1539888532468,"mc":[{"id":"1.149743867","rc":[{"ltp":2.3,"id":5704759},{"ltp":1.77,"id":2404122}]}]}
{"op":"mcm","clk":"7749367247","pt":1539888592344,"mc":[{"id":"1.149743867","rc":[{"ltp":2.48,"id":5704759},{"ltp":1.7,"id":2404122}]}]}
{"op":"mcm","clk":"7749373334","pt":1539888652545,"mc":[{"id":"1.149743867","rc":[{"ltp":2.84,"id":5704759},{"ltp":1.55,"id":2404122}]}]}
{"op":"mcm","clk":"7749378509","pt":1539888712338,"mc":[{"id":"1.149743867","rc":[{"ltp":2.82,"id":5704759}]}]}
{"op":"mcm","clk":"7749383990","pt":1539888772212,"mc":[{"id":"1.149743867","rc":[{"ltp":3.0,"id":5704759},{"ltp":1.47,"id":2404122}]}]}
{"op":"mcm","clk":"7749388833","pt":1539888832073,"mc":[{"id":"1.149743867","rc":[{"ltp":2.84,"id":5704759},{"ltp":1.54,"id":2404122}]}]}
{"op":"mcm","clk":"7749394111","pt":1539888892357,"mc":[{"id":"1.149743867","rc":[{"ltp":4.0,"id":5704759},{"ltp":1.34,"id":2404122}]}]}
{"op":"mcm","clk":"7749399610","pt":1539888952515,"mc":[{"id":"1.149743867","rc":[{"ltp":5.0,"id":5704759},{"ltp":1.25,"id":2404122}]}]}
{"op":"mcm","clk":"7749404756","pt":1539889012412,"mc":[{"id":"1.149743867","rc":[{"ltp":6.0,"id":5704759},{"ltp":1.21,"id":2404122}]}]}
{"op":"mcm","clk":"7749409851","pt":1539889071975,"mc":[{"id":"1.149743867","rc":[{"ltp":5.3,"id":5704759},{"ltp":1.25,"id":2404122}]}]}
{"op":"mcm","clk":"7749415511","pt":1539889132268,"mc":[{"id":"1.149743867","rc":[{"ltp":4.3,"id":5704759},{"ltp":1.33,"id":2404122}]}]}
{"op":"mcm","clk":"7749421151","pt":1539889192305,"mc":[{"id":"1.149743867","rc":[{"ltp":3.4,"id":5704759},{"ltp":1.32,"id":2404122}]}]}
{"op":"mcm","clk":"7749427132","pt":1539889252405,"mc":[{"id":"1.149743867","rc":[{"ltp":2.88,"id":5704759},{"ltp":1.52,"id":2404122}]}]}
{"op":"mcm","clk":"7749432915","pt":1539889312378,"mc":[{"id":"1.149743867","rc":[{"ltp":3.0,"id":5704759},{"ltp":1.5,"id":2404122}]}]}
{"op":"mcm","clk":"7749455829","pt":1539889372536,"mc":[{"id":"1.149743867","rc":[{"ltp":2.98,"id":5704759},{"ltp":1.42,"id":2404122}]}]}
{"op":"mcm","clk":"7749462113","pt":1539889432489,"mc":[{"id":"1.149743867","rc":[{"ltp":4.0,"id":5704759},{"ltp":1.29,"id":2404122}]}]}
{"op":"mcm","clk":"7749468455","pt":1539889492361,"mc":[{"id":"1.149743867","rc":[{"ltp":5.7,"id":5704759},{"ltp":1.22,"id":2404122}]}]}
{"op":"mcm","clk":"7749475721","pt":1539889552257,"mc":[{"id":"1.149743867","rc":[{"ltp":5.4,"id":5704759},{"ltp":1.23,"id":2404122}]}]}
{"op":"mcm","clk":"7749488972","pt":1539889672199,"mc":[{"id":"1.149743867","rc":[{"ltp":6.0,"id":5704759},{"ltp":1.21,"id":2404122}]}]}
{"op":"mcm","clk":"7749495235","pt":1539889732299,"mc":[{"id":"1.149743867","rc":[{"ltp":1.2,"id":2404122}]}]}
{"op":"mcm","clk":"7749501322","pt":1539889792561,"mc":[{"id":"1.149743867","rc":[{"ltp":5.1,"id":5704759},{"ltp":1.3,"id":2404122}]}]}
{"op":"mcm","clk":"7749507275","pt":1539889852100,"mc":[{"id":"1.149743867","rc":[{"ltp":3.7,"id":5704759},{"ltp":1.38,"id":2404122}]}]}
{"op":"mcm","clk":"7749512911","pt":1539889912434,"mc":[{"id":"1.149743867","rc":[{"ltp":3.0,"id":5704759},{"ltp":1.49,"id":2404122}]}]}
{"op":"mcm","clk":"7749518311","pt":1539889972530,"mc":[{"id":"1.149743867","rc":[{"ltp":1.98,"id":5704759},{"ltp":2.02,"id":2404122}]}]}
{"op":"mcm","clk":"7749524105","pt":1539890032487,"mc":[{"id":"1.149743867","rc":[{"ltp":1.8,"id":5704759},{"ltp":2.22,"id":2404122}]}]}
{"op":"mcm","clk":"7749529722","pt":1539890092548,"mc":[{"id":"1.149743867","rc":[{"ltp":1.63,"id":5704759},{"ltp":2.6,"id":2404122}]}]}
{"op":"mcm","clk":"7749536030","pt":1539890152057,"mc":[{"id":"1.149743867","rc":[{"ltp":1.65,"id":5704759},{"ltp":2.44,"id":2404122}]}]}
{"op":"mcm","clk":"7749541782","pt":1539890212548,"mc":[{"id":"1.149743867","rc":[{"ltp":1.66,"id":5704759},{"ltp":2.5,"id":2404122}]}]}
{"op":"mcm","clk":"7749564864","pt":1539890272079,"mc":[{"id":"1.149743867","rc":[{"ltp":1.46,"id":5704759},{"ltp":3.1,"id":2404122}]}]}
{"op":"mcm","clk":"7749571227","pt":1539890332211,"mc":[{"id":"1.149743867","rc":[{"ltp":1.25,"id":5704759},{"ltp":6.2,"id":2404122}]}]}
{"op":"mcm","clk":"7749578224","pt":1539890392310,"mc":[{"id":"1.149743867","rc":[{"ltp":1.08,"id":5704759},{"ltp":12.0,"id":2404122}]}]}
{"op":"mcm","clk":"7749585575","pt":1539890452387,"mc":[{"id":"1.149743867","rc":[{"ltp":1.05,"id":5704759},{"ltp":15.0,"id":2404122}]}]}
{"op":"mcm","clk":"7749592518","pt":1539890511712,"mc":[{"id":"1.149743867","rc":[{"ltp":18.0,"id":2404122}]}]}
{"op":"mcm","clk":"7749599419","pt":1539890572243,"mc":[{"id":"1.149743867","rc":[{"ltp":1.06,"id":5704759},{"ltp":17.5,"id":2404122}]}]}
{"op":"mcm","clk":"7749605285","pt":1539890632500,"mc":[{"id":"1.149743867","rc":[{"ltp":1.04,"id":5704759}]}]}
{"op":"mcm","clk":"7749611544","pt":1539890692565,"mc":[{"id":"1.149743867","rc":[{"ltp":1.01,"id":5704759},{"ltp":1000.0,"id":2404122}]}]}
{"op":"mcm","clk":"7749616638","pt":1539890748346,"mc":[{"id":"1.149743867","marketDefinition":{"bspMarket":false,"turnInPlayEnabled":true,"persistenceEnabled":true,"marketBaseRate":5.0,"eventId":"28961886","eventTypeId":"2","numberOfWinners":1,"bettingType":"ODDS","marketType":"MATCH_ODDS","marketTime":"2018-10-18T18:04:00.000Z","suspendTime":"2018-10-18T18:04:00.000Z","bspReconciled":false,"complete":true,"inPlay":true,"crossMatching":true,"runnersVoidable":false,"numberOfActiveRunners":2,"betDelay":5,"status":"SUSPENDED","runners":[{"status":"ACTIVE","sortPriority":1,"id":5704759,"name":"Eugenie Bouchard"},{"status":"ACTIVE","sortPriority":2,"id":2404122,"name":"Andrea Petkovic"}],"regulators":["MR_INT"],"countryCode":"LU","discountAllowed":true,"timezone":"UTC","openDate":"2018-10-18T18:04:00.000Z","version":2460900767,"name":"Match Odds","eventName":"Bouchard v Petkovic"}}]}
{"op":"mcm","clk":"7749621536","pt":1539890804009,"mc":[{"id":"1.149743867","marketDefinition":{"bspMarket":false,"turnInPlayEnabled":true,"persistenceEnabled":true,"marketBaseRate":5.0,"eventId":"28961886","eventTypeId":"2","numberOfWinners":1,"bettingType":"ODDS","marketType":"MATCH_ODDS","marketTime":"2018-10-18T18:04:00.000Z","suspendTime":"2018-10-18T18:04:00.000Z","bspReconciled":false,"complete":true,"inPlay":true,"crossMatching":false,"runnersVoidable":false,"numberOfActiveRunners":0,"betDelay":5,"status":"CLOSED","settledTime":"2018-10-18T19:26:20.000Z","runners":[{"status":"WINNER","sortPriority":1,"id":5704759,"name":"Eugenie Bouchard"},{"status":"LOSER","sortPriority":2,"id":2404122,"name":"Andrea Petkovic"}],"regulators":["MR_INT"],"countryCode":"LU","discountAllowed":true,"timezone":"UTC","openDate":"2018-10-18T18:04:00.000Z","version":2460901947,"name":"Match Odds","eventName":"Bouchard v Petkovic"}}]}
