{"op":"mcm","clk":"7583616010","pt":1538838331666,"mc":[{"id":"1.149188728","marketDefinition":{"bspMarket":false,"turnInPlayEnabled":true,"persistenceEnabled":true,"marketBaseRate":5.0,"eventId":"28942594","eventTypeId":"2","numberOfWinners":1,"bettingType":"ODDS","marketType":"MATCH_ODDS","marketTime":"2018-10-07T11:30:00.000Z","suspendTime":"2018-10-07T11:30:00.000Z","bspReconciled":false,"complete":true,"inPlay":false,"crossMatching":true,"runnersVoidable":false,"numberOfActiveRunners":2,"betDelay":0,"status":"OPEN","runners":[{"status":"ACTIVE","sortPriority":1,"id":2249834,"name":"Juan Martin Del Potro"},{"status":"ACTIVE","sortPriority":2,"id":8257807,"name":"Nikoloz Basilashvili"}],"regulators":["MR_INT"],"countryCode":"CN","discountAllowed":true,"timezone":"UTC","openDate":"2018-10-07T11:30:00.000Z","version":2440864789,"name":"Match Odds","eventName":"Del Potro v Basilashvili"}}]}
{"op":"mcm","clk":"7584448190","pt":1538841092711,"mc":[{"id":"1.149188728","rc":[{"ltp":1.23,"id":2249834}]}]}
{"op":"mcm","clk":"7584597675","pt":1538841852201,"mc":[{"id":"1.149188728","rc":[{"ltp":6.0,"id":8257807},{"ltp":1.2,"id":2249834}]}]}
{"op":"mcm","clk":"7585375407","pt":1538845408927,"mc":[{"id":"1.149188728","rc":[{"ltp":1.21,"id":2249834}]}]}
{"op":"mcm","clk":"7585593509","pt":1538846426663,"mc":[{"id":"1.149188728","rc":[{"ltp":1.2,"id":2249834}]}]}
{"op":"mcm","clk":"7586132361","pt":1538849240506,"mc":[{"id":"1.149188728","rc":[{"ltp":1.21,"id":2249834}]}]}
{"op":"mcm","clk":"7586163197","pt":1538849402228,"mc":[{"id":"1.149188728","rc":[{"ltp":5.8,"id":8257807}]}]}
{"op":"mcm","clk":"7586480879","pt":1538851206000,"mc":[{"id":"1.149188728","rc":[{"ltp":1.22,"id":2249834}]}]}
{"op":"mcm","clk":"7586869555","pt":1538853670815,"mc":[{"id":"1.149188728","rc":[{"ltp":5.7,"id":8257807}]}]}
{"op":"mcm","clk":"7587039350","pt":1538854640738,"mc":[{"id":"1.149188728","rc":[{"ltp":1.2,"id":2249834}]}]}
{"op":"mcm","clk":"7587686587","pt":1538859442781,"mc":[{"id":"1.149188728","rc":[{"ltp":6.0,"id":8257807}]}]}
{"op":"mcm","clk":"7587816567","pt":1538860473839,"mc":[{"id":"1.149188728","rc":[{"ltp":6.4,"id":8257807}]}]}
{"op":"mcm","clk":"7587846970","pt":1538860715009,"mc":[{"id":"1.149188728","rc":[{"ltp":5.7,"id":8257807},{"ltp":1.21,"id":2249834}]}]}
{"op":"mcm","clk":"7587898813","pt":1538861079633,"mc":[{"id":"1.149188728","rc":[{"ltp":1.2,"id":2249834}]}]}
{"op":"mcm","clk":"7587965589","pt":1538861619971,"mc":[{"id":"1.149188728","rc":[{"ltp":5.9,"id":8257807}]}]}
{"op":"mcm","clk":"7588014283","pt":1538861916812,"mc":[{"id":"1.149188728","rc":[{"ltp":5.7,"id":8257807},{"ltp":1.21,"id":2249834}]}]}
{"op":"mcm","clk":"7588051815","pt":1538862260233,"mc":[{"id":"1.149188728","rc":[{"ltp":1.2,"id":2249834}]}]}
{"op":"mcm","clk":"7588054354","pt":1538862284130,"mc":[{"id":"1.149188728","rc":[{"ltp":5.9,"id":8257807}]}]}
{"op":"mcm","clk":"7588070902","pt":1538862445774,"mc":[{"id":"1.149188728","rc":[{"ltp":5.7,"id":8257807},{"ltp":1.21,"id":2249834}]}]}
{"op":"mcm","clk":"7588156912","pt":1538863169991,"mc":[{"id":"1.149188728","rc":[{"ltp":1.2,"id":2249834}]}]}
{"op":"mcm","clk":"7588265771","pt":1538864120493,"mc":[{"id":"1.149188728","rc":[{"ltp":5.9,"id":8257807}]}]}
{"op":"mcm","clk":"7588279216","pt":1538864248262,"mc":[{"id":"1.149188728","rc":[{"ltp":5.7,"id":8257807},{"ltp":1.21,"id":2249834}]}]}
{"op":"mcm","clk":"7588340461","pt":1538864679094,"mc":[{"id":"1.149188728","rc":[{"ltp":1.22,"id":2249834}]}]}
{"op":"mcm","clk":"7588346134","pt":1538864734061,"mc":[{"id":"1.149188728","rc":[{"ltp":1.21,"id":2249834}]}]}
{"op":"mcm","clk":"7588777131","pt":1538868809448,"mc":[{"id":"1.149188728","rc":[{"ltp":5.6,"id":8257807}]}]}
{"op":"mcm","clk":"7588933511","pt":1538870428728,"mc":[{"id":"1.149188728","rc":[{"ltp":5.8,"id":8257807},{"ltp":1.22,"id":2249834}]}]}
{"op":"mcm","clk":"7588940059","pt":1538870496799,"mc":[{"id":"1.149188728","rc":[{"ltp":5.5,"id":8257807}]}]}
{"op":"mcm","clk":"7589077138","pt":1538871730115,"mc":[{"id":"1.149188728","rc":[{"ltp":1.21,"id":2249834}]}]}
{"op":"mcm","clk":"7589085349","pt":1538871845209,"mc":[{"id":"1.149188728","rc":[{"ltp":1.22,"id":2249834}]}]}
{"op":"mcm","clk":"7589366133","pt":1538875276077,"mc":[{"id":"1.149188728","rc":[{"ltp":1.21,"id":2249834}]}]}
{"op":"mcm","clk":"7589607428","pt":1538878029932,"mc":[{"id":"1.149188728","rc":[{"ltp":1.22,"id":2249834}]}]}
{"op":"mcm","clk":"7589706300","pt":1538879083094,"mc":[{"id":"1.149188728","rc":[{"ltp":1.21,"id":2249834}]}]}
{"op":"mcm","clk":"7589920928","pt":1538881298188,"mc":[{"id":"1.149188728","rc":[{"ltp":1.22,"id":2249834}]}]}
{"op":"mcm","clk":"7589996802","pt":1538881944780,"mc":[{"id":"1.149188728","rc":[{"ltp":1.21,"id":2249834}]}]}
{"op":"mcm","clk":"7590120229","pt":1538883255375,"mc":[{"id":"1.149188728","rc":[{"ltp":1.22,"id":2249834}]}]}
{"op":"mcm","clk":"7590170750","pt":1538883739667,"mc":[{"id":"1.149188728","rc":[{"ltp":5.7,"id":8257807}]}]}
{"op":"mcm","clk":"7590190762","pt":1538884073092,"mc":[{"id":"1.149188728","rc":[{"ltp":1.21,"id":2249834}]}]}
{"op":"mcm","clk":"7590345073","pt":1538885629937,"mc":[{"id":"1.149188728","rc":[{"ltp":1.22,"id":2249834}]}]}
{"op":"mcm","clk":"7590409406","pt":1538886134466,"mc":[{"id":"1.149188728","rc":[{"ltp":1.21,"id":2249834}]}]}
{"op":"mcm","clk":"7590458389","pt":1538886748518,"mc":[{"id":"1.149188728","rc":[{"ltp":1.22,"id":2249834}]}]}
{"op":"mcm","clk":"7590532841","pt":1538887534431,"mc":[{"id":"1.149188728","rc":[{"ltp":1.21,"id":2249834}]}]}
{"op":"mcm","clk":"7590634944","pt":1538888667837,"mc":[{"id":"1.149188728","rc":[{"ltp":1.22,"id":2249834}]}]}
{"op":"mcm","clk":"7590708779","pt":1538889268718,"mc":[{"id":"1.149188728","rc":[{"ltp":1.21,"id":2249834}]}]}
{"op":"mcm","clk":"7590808406","pt":1538890040492,"mc":[{"id":"1.149188728","rc":[{"ltp":1.22,"id":2249834}]}]}
{"op":"mcm","clk":"7590847823","pt":1538890359375,"mc":[{"id":"1.149188728","rc":[{"ltp":1.21,"id":2249834}]}]}
{"op":"mcm","clk":"7590944948","pt":1538891070612,"mc":[{"id":"1.149188728","rc":[{"ltp":1.2,"id":2249834}]}]}
{"op":"mcm","clk":"7591031341","pt":1538891772705,"mc":[{"id":"1.149188728","rc":[{"ltp":5.6,"id":8257807}]}]}
{"op":"mcm","clk":"7591078648","pt":1538892205689,"mc":[{"id":"1.149188728","rc":[{"ltp":1.21,"id":2249834}]}]}
{"op":"mcm","clk":"7591169116","pt":1538892880244,"mc":[{"id":"1.149188728","rc":[{"ltp":5.7,"id":8257807}]}]}
{"op":"mcm","clk":"7591185512","pt":1538893044218,"mc":[{"id":"1.149188728","rc":[{"ltp":1.2,"id":2249834}]}]}
{"op":"mcm","clk":"7591227592","pt":1538893358414,"mc":[{"id":"1.149188728","rc":[{"ltp":1.21,"id":2249834}]}]}
{"op":"mcm","clk":"7591255435","pt":1538893640804,"mc":[{"id":"1.149188728","rc":[{"ltp":5.6,"id":8257807}]}]}
{"op":"mcm","clk":"7591270888","pt":1538893794385,"mc":[{"id":"1.149188728","rc":[{"ltp":1.22,"id":2249834}]}]}
{"op":"mcm","clk":"7591286285","pt":1538893929632,"mc":[{"id":"1.149188728","rc":[{"ltp":1.21,"id":2249834}]}]}
{"op":"mcm","clk":"7591347854","pt":1538894332782,"mc":[{"id":"1.149188728","rc":[{"ltp":5.7,"id":8257807}]}]}
{"op":"mcm","clk":"7591366246","pt":1538894473220,"mc":[{"id":"1.149188728","rc":[{"ltp":5.8,"id":8257807}]}]}
{"op":"mcm","clk":"7591502834","pt":1538895674927,"mc":[{"id":"1.149188728","rc":[{"ltp":1.22,"id":2249834}]}]}
{"op":"mcm","clk":"7591514530","pt":1538895789799,"mc":[{"id":"1.149188728","rc":[{"ltp":1.21,"id":2249834}]}]}
{"op":"mcm","clk":"7591612004","pt":1538896718394,"mc":[{"id":"1.149188728","rc":[{"ltp":1.22,"id":2249834}]}]}
{"op":"mcm","clk":"7591617042","pt":1538896779951,"mc":[{"id":"1.149188728","rc":[{"ltp":1.21,"id":2249834}]}]}
{"op":"mcm","clk":"7591673153","pt":1538897348893,"mc":[{"id":"1.149188728","rc":[{"ltp":5.6,"id":8257807},{"ltp":1.22,"id":2249834}]}]}
{"op":"mcm","clk":"7591679684","pt":1538897425258,"mc":[{"id":"1.149188728","rc":[{"ltp":1.21,"id":2249834}]}]}
{"op":"mcm","clk":"7591765487","pt":1538898179499,"mc":[{"id":"1.149188728","rc":[{"ltp":5.7,"id":8257807}]}]}
{"op":"mcm","clk":"7591794369","pt":1538898454030,"mc":[{"id":"1.149188728","rc":[{"ltp":1.22,"id":2249834}]}]}
{"op":"mcm","clk":"7591797638","pt":1538898480487,"mc":[{"id":"1.149188728","rc":[{"ltp":1.21,"id":2249834}]}]}
{"op":"mcm","clk":"7591879864","pt":1538899127893,"mc":[{"id":"1.149188728","rc":[{"ltp":1.22,"id":2249834}]}]}
{"op":"mcm","clk":"7591904712","pt":1538899345343,"mc":[{"id":"1.149188728","rc":[{"ltp":5.6,"id":8257807}]}]}
{"op":"mcm","clk":"7591918565","pt":1538899467605,"mc":[{"id":"1.149188728","rc":[{"ltp":1.21,"id":2249834}]}]}
{"op":"mcm","clk":"7591924982","pt":1538899527839,"mc":[{"id":"1.149188728","rc":[{"ltp":5.7,"id":8257807}]}]}
{"op":"mcm","clk":"7591958579","pt":1538899705767,"mc":[{"id":"1.149188728","rc":[{"ltp":1.22,"id":2249834}]}]}
{"op":"mcm","clk":"7591975753","pt":1538899838285,"mc":[{"id":"1.149188728","rc":[{"ltp":1.2,"id":2249834}]}]}
{"op":"mcm","clk":"7591988709","pt":1538899941989,"mc":[{"id":"1.149188728","rc":[{"ltp":1.21,"id":2249834}]}]}
{"op":"mcm","clk":"7591995914","pt":1538900001580,"mc":[{"id":"1.149188728","rc":[{"ltp":1.2,"id":2249834}]}]}
{"op":"mcm","clk":"7592046407","pt":1538900396038,"mc":[{"id":"1.149188728","rc":[{"ltp":1.21,"id":2249834}]}]}
{"op":"mcm","clk":"7592056472","pt":1538900474255,"mc":[{"id":"1.149188728","rc":[{"ltp":1.2,"id":2249834}]}]}
{"op":"mcm","clk":"7592145745","pt":1538901098868,"mc":[{"id":"1.149188728","rc":[{"ltp":1.21,"id":2249834}]}]}
{"op":"mcm","clk":"7592176117","pt":1538901324955,"mc":[{"id":"1.149188728","rc":[{"ltp":1.2,"id":2249834}]}]}
{"op":"mcm","clk":"7592206976","pt":1538901460225,"mc":[{"id":"1.149188728","rc":[{"ltp":5.9,"id":8257807},{"ltp":1.21,"id":2249834}]}]}
{"op":"mcm","clk":"7592229666","pt":1538901617865,"mc":[{"id":"1.149188728","rc":[{"ltp":1.2,"id":2249834}]}]}
{"op":"mcm","clk":"7592240842","pt":1538901690334,"mc":[{"id":"1.149188728","rc":[{"ltp":5.8,"id":8257807},{"ltp":1.21,"id":2249834}]}]}
{"op":"mcm","clk":"7592361329","pt":1538902478665,"mc":[{"id":"1.149188728","rc":[{"ltp":1.2,"id":2249834}]}]}
{"op":"mcm","clk":"7592398115","pt":1538902765815,"mc":[{"id":"1.149188728","rc":[{"ltp":5.9,"id":8257807}]}]}
{"op":"mcm","clk":"7592485163","pt":1538903256328,"mc":[{"id":"1.149188728","rc":[{"ltp":5.8,"id":8257807}]}]}
{"op":"mcm","clk":"7592517240","pt":1538903476779,"mc":[{"id":"1.149188728","rc":[{"ltp":1.21,"id":2249834}]}]}
{"op":"mcm","clk":"7592528879","pt":1538903559363,"mc":[{"id":"1.149188728","rc":[{"ltp":6.0,"id":8257807},{"ltp":1.2,"id":2249834}]}]}
{"op":"mcm","clk":"7592565083","pt":1538903801384,"mc":[{"id":"1.149188728","rc":[{"ltp":1.21,"id":2249834}]}]}
{"op":"mcm","clk":"7592580267","pt":1538903910396,"mc":[{"id":"1.149188728","rc":[{"ltp":5.9,"id":8257807},{"ltp":1.2,"id":2249834}]}]}
{"op":"mcm","clk":"7592660266","pt":1538904394989,"mc":[{"id":"1.149188728","rc":[{"ltp":6.2,"id":8257807}]}]}
{"op":"mcm","clk":"7592675961","pt":1538904500787,"mc":[{"id":"1.149188728","rc":[{"ltp":6.0,"id":8257807}]}]}
{"op":"mcm","clk":"7592687366","pt":1538904575224,"mc":[{"id":"1.149188728","rc":[{"ltp":1.19,"id":2249834}]}]}
{"op":"mcm","clk":"7592711231","pt":1538904707164,"mc":[{"id":"1.149188728","rc":[{"ltp":1.2,"id":2249834}]}]}
{"op":"mcm","clk":"7592814324","pt":1538905230991,"mc":[{"id":"1.149188728","rc":[{"ltp":1.19,"id":2249834}]}]}
{"op":"mcm","clk":"7592825848","pt":1538905294684,"mc":[{"id":"1.149188728","rc":[{"ltp":1.2,"id":2249834}]}]}
{"op":"mcm","clk":"7592866562","pt":1538905521326,"mc":[{"id":"1.149188728","rc":[{"ltp":1.19,"id":2249834}]}]}
{"op":"mcm","clk":"7592887814","pt":1538905638881,"mc":[{"id":"1.149188728","rc":[{"ltp":1.2,"id":2249834}]}]}
{"op":"mcm","clk":"7592923303","pt":1538905840167,"mc":[{"id":"1.149188728","rc":[{"ltp":1.19,"id":2249834}]}]}
{"op":"mcm","clk":"7592954325","pt":1538905937584,"mc":[{"id":"1.149188728","rc":[{"ltp":1.2,"id":2249834}]}]}
{"op":"mcm","clk":"7593174787","pt":1538906974777,"mc":[{"id":"1.149188728","rc":[{"ltp":6.2,"id":8257807}]}]}
{"op":"mcm","clk":"7593185908","pt":1538907031464,"mc":[{"id":"1.149188728","rc":[{"ltp":6.0,"id":8257807}]}]}
{"op":"mcm","clk":"7593210049","pt":1538907155925,"mc":[{"id":"1.149188728","rc":[{"ltp":1.19,"id":2249834}]}]}
{"op":"mcm","clk":"7593215200","pt":1538907181536,"mc":[{"id":"1.149188728","rc":[{"ltp":1.2,"id":2249834}]}]}
{"op":"mcm","clk":"7593246639","pt":1538907333128,"mc":[{"id":"1.149188728","rc":[{"ltp":6.2,"id":8257807}]}]}
{"op":"mcm","clk":"7593308292","pt":1538907652005,"mc":[{"id":"1.149188728","rc":[{"ltp":1.19,"id":2249834}]}]}
{"op":"mcm","clk":"7593339315","pt":1538907760073,"mc":[{"id":"1.149188728","rc":[{"ltp":1.2,"id":2249834}]}]}
{"op":"mcm","clk":"7593345795","pt":1538907797317,"mc":[{"id":"1.149188728","rc":[{"ltp":1.19,"id":2249834}]}]}
{"op":"mcm","clk":"7593360057","pt":1538907876427,"mc":[{"id":"1.149188728","rc":[{"ltp":1.2,"id":2249834}]}]}
{"op":"mcm","clk":"7593379624","pt":1538907983742,"mc":[{"id":"1.149188728","rc":[{"ltp":6.0,"id":8257807}]}]}
{"op":"mcm","clk":"7593406641","pt":1538908120062,"mc":[{"id":"1.149188728","rc":[{"ltp":6.2,"id":8257807}]}]}
{"op":"mcm","clk":"7593418839","pt":1538908180332,"mc":[{"id":"1.149188728","rc":[{"ltp":6.0,"id":8257807}]}]}
{"op":"mcm","clk":"7593429964","pt":1538908228899,"mc":[{"id":"1.149188728","rc":[{"ltp":6.2,"id":8257807}]}]}
{"op":"mcm","clk":"7593444977","pt":1538908291960,"mc":[{"id":"1.149188728","rc":[{"ltp":6.0,"id":8257807}]}]}
{"op":"mcm","clk":"7593455261","pt":1538908340157,"mc":[{"id":"1.149188728","rc":[{"ltp":1.19,"id":2249834}]}]}
{"op":"mcm","clk":"7593468189","pt":1538908403223,"mc":[{"id":"1.149188728","rc":[{"ltp":6.2,"id":8257807}]}]}
{"op":"mcm","clk":"7593482847","pt":1538908470912,"mc":[{"id":"1.149188728","rc":[{"ltp":1.2,"id":2249834}]}]}
{"op":"mcm","clk":"7593507391","pt":1538908593628,"mc":[{"id":"1.149188728","rc":[{"ltp":1.19,"id":2249834}]}]}
{"op":"mcm","clk":"7593533233","pt":1538908658828,"mc":[{"id":"1.149188728","rc":[{"ltp":6.0,"id":8257807}]}]}
{"op":"mcm","clk":"7593545713","pt":1538908718900,"mc":[{"id":"1.149188728","rc":[{"ltp":6.2,"id":8257807}]}]}
{"op":"mcm","clk":"7593549492","pt":1538908738298,"mc":[{"id":"1.149188728","rc":[{"ltp":1.2,"id":2249834}]}]}
{"op":"mcm","clk":"7593569798","pt":1538908838442,"mc":[{"id":"1.149188728","rc":[{"ltp":1.19,"id":2249834}]}]}
{"op":"mcm","clk":"7593580313","pt":1538908890889,"mc":[{"id":"1.149188728","rc":[{"ltp":1.2,"id":2249834}]}]}
{"op":"mcm","clk":"7593594323","pt":1538908959354,"mc":[{"id":"1.149188728","rc":[{"ltp":1.19,"id":2249834}]}]}
{"op":"mcm","clk":"7593628662","pt":1538909137088,"mc":[{"id":"1.149188728","rc":[{"ltp":1.2,"id":2249834}]}]}
{"op":"mcm","clk":"7593641731","pt":1538909198158,"mc":[{"id":"1.149188728","rc":[{"ltp":1.19,"id":2249834}]}]}
{"op":"mcm","clk":"7593673338","pt":1538909370702,"mc":[{"id":"1.149188728","rc":[{"ltp":1.2,"id":2249834}]}]}
{"op":"mcm","clk":"7593685602","pt":1538909438780,"mc":[{"id":"1.149188728","rc":[{"ltp":1.19,"id":2249834}]}]}
{"op":"mcm","clk":"7593730559","pt":1538909618831,"mc":[{"id":"1.149188728","rc":[{"ltp":6.4,"id":8257807},{"ltp":1.18,"id":2249834}]}]}
{"op":"mcm","clk":"7593741359","pt":1538909673691,"mc":[{"id":"1.149188728","rc":[{"ltp":6.2,"id":8257807},{"ltp":1.19,"id":2249834}]}]}
{"op":"mcm","clk":"7593763407","pt":1538909800314,"mc":[{"id":"1.149188728","rc":[{"ltp":6.4,"id":8257807}]}]}
{"op":"mcm","clk":"7593774465","pt":1538909859492,"mc":[{"id":"1.149188728","rc":[{"ltp":6.6,"id":8257807},{"ltp":1.17,"id":2249834}]}]}
{"op":"mcm","clk":"7593784574","pt":1538909917280,"mc":[{"id":"1.149188728","rc":[{"ltp":6.8,"id":8257807}]}]}
{"op":"mcm","clk":"7593794707","pt":1538909972471,"mc":[{"id":"1.149188728","rc":[{"ltp":1.18,"id":2249834}]}]}
{"op":"mcm","clk":"7593806773","pt":1538910034917,"mc":[{"id":"1.149188728","rc":[{"ltp":6.6,"id":8257807},{"ltp":1.17,"id":2249834}]}]}
{"op":"mcm","clk":"7593845453","pt":1538910217583,"mc":[{"id":"1.149188728","rc":[{"ltp":1.18,"id":2249834}]}]}
{"op":"mcm","clk":"7593859211","pt":1538910280335,"mc":[{"id":"1.149188728","rc":[{"ltp":6.8,"id":8257807},{"ltp":1.17,"id":2249834}]}]}
{"op":"mcm","clk":"7593869856","pt":1538910332118,"mc":[{"id":"1.149188728","rc":[{"ltp":6.6,"id":8257807},{"ltp":1.18,"id":2249834}]}]}
{"op":"mcm","clk":"7593907765","pt":1538910459185,"mc":[{"id":"1.149188728","rc":[{"ltp":6.4,"id":8257807}]}]}
{"op":"mcm","clk":"7593919177","pt":1538910510767,"mc":[{"id":"1.149188728","rc":[{"ltp":6.6,"id":8257807}]}]}
{"op":"mcm","clk":"7593946556","pt":1538910635283,"mc":[{"id":"1.149188728","rc":[{"ltp":1.19,"id":2249834}]}]}
{"op":"mcm","clk":"7593958971","pt":1538910695385,"mc":[{"id":"1.149188728","rc":[{"ltp":1.18,"id":2249834}]}]}
{"op":"mcm","clk":"7594010071","pt":1538910938057,"mc":[{"id":"1.149188728","rc":[{"ltp":6.4,"id":8257807},{"ltp":1.19,"id":2249834}]}]}
{"op":"mcm","clk":"7594023260","pt":1538910999929,"mc":[{"id":"1.149188728","rc":[{"ltp":1.18,"id":2249834}]}]}
{"op":"mcm","clk":"7594034726","pt":1538911057672,"mc":[{"id":"1.149188728","rc":[{"ltp":1.19,"id":2249834}]}]}
{"op":"mcm","clk":"7594059644","pt":1538911180232,"mc":[{"id":"1.149188728","rc":[{"ltp":1.18,"id":2249834}]}]}
{"op":"mcm","clk":"7594068875","pt":1538911224629,"mc":[{"id":"1.149188728","rc":[{"ltp":1.17,"id":2249834}]}]}
{"op":"mcm","clk":"7594108837","pt":1538911356650,"mc":[{"id":"1.149188728","rc":[{"ltp":1.18,"id":2249834}]}]}
{"op":"mcm","clk":"7594133879","pt":1538911479353,"mc":[{"id":"1.149188728","marketDefinition":{"bspMarket":false,"turnInPlayEnabled":true,"persistenceEnabled":true,"marketBaseRate":5.0,"eventId":"28942594","eventTypeId":"2","numberOfWinners":1,"bettingType":"ODDS","marketType":"MATCH_ODDS","marketTime":"2018-10-07T11:23:00.000Z","suspendTime":"2018-10-07T11:23:00.000Z","bspReconciled":false,"complete":true,"inPlay":false,"crossMatching":true,"runnersVoidable":false,"numberOfActiveRunners":2,"betDelay":0,"status":"OPEN","runners":[{"status":"ACTIVE","sortPriority":1,"id":2249834,"name":"Juan Martin Del Potro"},{"status":"ACTIVE","sortPriority":2,"id":8257807,"name":"Nikoloz Basilashvili"}],"regulators":["MR_INT"],"countryCode":"CN","discountAllowed":true,"timezone":"UTC","openDate":"2018-10-07T11:23:00.000Z","version":2443588684,"name":"Match Odds","eventName":"Del Potro v Basilashvili"}}]}
{"op":"mcm","clk":"7594146174","pt":1538911539136,"mc":[{"id":"1.149188728","rc":[{"ltp":6.6,"id":8257807}]}]}
{"op":"mcm","clk":"7594157118","pt":1538911588081,"mc":[{"id":"1.149188728","rc":[{"ltp":6.4,"id":8257807},{"ltp":1.17,"id":2249834}]}]}
{"op":"mcm","clk":"7594172039","pt":1538911657582,"mc":[{"id":"1.149188728","rc":[{"ltp":6.6,"id":8257807},{"ltp":1.18,"id":2249834}]}]}
{"op":"mcm","clk":"7594185265","pt":1538911718908,"mc":[{"id":"1.149188728","rc":[{"ltp":6.8,"id":8257807},{"ltp":1.17,"id":2249834}]}]}
{"op":"mcm","clk":"7594198209","pt":1538911776418,"mc":[{"id":"1.149188728","rc":[{"ltp":6.6,"id":8257807},{"ltp":1.19,"id":2249834}]}]}
{"op":"mcm","clk":"7594212719","pt":1538911839414,"mc":[{"id":"1.149188728","rc":[{"ltp":1.18,"id":2249834}]}]}
{"op":"mcm","clk":"7594225807","pt":1538911896069,"mc":[{"id":"1.149188728","rc":[{"ltp":6.4,"id":8257807},{"ltp":1.19,"id":2249834}]}]}
{"op":"mcm","clk":"7594261879","pt":1538912076240,"mc":[{"id":"1.149188728","rc":[{"ltp":1.18,"id":2249834}]}]}
{"op":"mcm","clk":"7594286362","pt":1538912198111,"mc":[{"id":"1.149188728","rc":[{"ltp":1.19,"id":2249834}]}]}
{"op":"mcm","clk":"7594311517","pt":1538912259460,"mc":[{"id":"1.149188728","rc":[{"ltp":6.2,"id":8257807},{"ltp":1.2,"id":2249834}]}]}
{"op":"mcm","clk":"7594336442","pt":1538912379921,"mc":[{"id":"1.149188728","rc":[{"ltp":6.4,"id":8257807},{"ltp":1.19,"id":2249834}]}]}
{"op":"mcm","clk":"7594361041","pt":1538912500330,"mc":[{"id":"1.149188728","rc":[{"ltp":6.2,"id":8257807}]}]}
{"op":"mcm","clk":"7594372962","pt":1538912560305,"mc":[{"id":"1.149188728","marketDefinition":{"bspMarket":false,"turnInPlayEnabled":true,"persistenceEnabled":true,"marketBaseRate":5.0,"eventId":"28942594","eventTypeId":"2","numberOfWinners":1,"bettingType":"ODDS","marketType":"MATCH_ODDS","marketTime":"2018-10-07T11:23:00.000Z","suspendTime":"2018-10-07T11:23:00.000Z","bspReconciled":false,"complete":true,"inPlay":true,"crossMatching":true,"runnersVoidable":false,"numberOfActiveRunners":2,"betDelay":5,"status":"OPEN","runners":[{"status":"ACTIVE","sortPriority":1,"id":2249834,"name":"Juan Martin Del Potro"},{"status":"ACTIVE","sortPriority":2,"id":8257807,"name":"Nikoloz Basilashvili"}],"regulators":["MR_INT"],"countryCode":"CN","discountAllowed":true,"timezone":"UTC","openDate":"2018-10-07T11:23:00.000Z","version":2443638959,"name":"Match Odds","eventName":"Del Potro v Basilashvili"},"rc":[{"ltp":6.0,"id":8257807},{"ltp":1.2,"id":2249834}]}]}
{"op":"mcm","clk":"7594385139","pt":1538912620174,"mc":[{"id":"1.149188728","rc":[{"ltp":6.4,"id":8257807},{"ltp":1.18,"id":2249834}]}]}
{"op":"mcm","clk":"7594397441","pt":1538912679337,"mc":[{"id":"1.149188728","rc":[{"ltp":7.2,"id":8257807},{"ltp":1.16,"id":2249834}]}]}
{"op":"mcm","clk":"7594410462","pt":1538912740314,"mc":[{"id":"1.149188728","rc":[{"ltp":6.8,"id":8257807},{"ltp":1.17,"id":2249834}]}]}
{"op":"mcm","clk":"7594422729","pt":1538912800350,"mc":[{"id":"1.149188728","rc":[{"ltp":6.0,"id":8257807},{"ltp":1.19,"id":2249834}]}]}
{"op":"mcm","clk":"7594433958","pt":1538912860142,"mc":[{"id":"1.149188728","rc":[{"ltp":6.2,"id":8257807}]}]}
{"op":"mcm","clk":"7594444913","pt":1538912920261,"mc":[{"id":"1.149188728","rc":[{"ltp":6.0,"id":8257807},{"ltp":1.2,"id":2249834}]}]}
{"op":"mcm","clk":"7594454747","pt":1538912980132,"mc":[{"id":"1.149188728","rc":[{"ltp":6.2,"id":8257807}]}]}
{"op":"mcm","clk":"7594464327","pt":1538913040282,"mc":[{"id":"1.149188728","rc":[{"ltp":4.7,"id":8257807},{"ltp":1.26,"id":2249834}]}]}
{"op":"mcm","clk":"7594474301","pt":1538913100263,"mc":[{"id":"1.149188728","rc":[{"ltp":4.3,"id":8257807},{"ltp":1.3,"id":2249834}]}]}
{"op":"mcm","clk":"7594496940","pt":1538913160322,"mc":[{"id":"1.149188728","rc":[{"ltp":3.4,"id":8257807},{"ltp":1.42,"id":2249834}]}]}
{"op":"mcm","clk":"7594506830","pt":1538913220284,"mc":[{"id":"1.149188728","rc":[{"ltp":3.5,"id":8257807},{"ltp":1.4,"id":2249834}]}]}
{"op":"mcm","clk":"7594516646","pt":1538913279878,"mc":[{"id":"1.149188728","rc":[{"ltp":3.3,"id":8257807},{"ltp":1.43,"id":2249834}]}]}
{"op":"mcm","clk":"7594527090","pt":1538913340331,"mc":[{"id":"1.149188728","rc":[{"ltp":2.96,"id":8257807},{"ltp":1.49,"id":2249834}]}]}
{"op":"mcm","clk":"7594536927","pt":1538913400088,"mc":[{"id":"1.149188728","rc":[{"ltp":2.78,"id":8257807},{"ltp":1.56,"id":2249834}]}]}
{"op":"mcm","clk":"7594547925","pt":1538913460072,"mc":[{"id":"1.149188728","rc":[{"ltp":2.5,"id":8257807},{"ltp":1.67,"id":2249834}]}]}
{"op":"mcm","clk":"7594559487","pt":1538913520242,"mc":[{"id":"1.149188728","rc":[{"ltp":2.96,"id":8257807},{"ltp":1.51,"id":2249834}]}]}
{"op":"mcm","clk":"7594570060","pt":1538913580319,"mc":[{"id":"1.149188728","rc":[{"ltp":1.5,"id":2249834}]}]}
{"op":"mcm","clk":"7594582076","pt":1538913640272,"mc":[{"id":"1.149188728","rc":[{"ltp":2.98,"id":8257807},{"ltp":1.49,"id":2249834}]}]}
{"op":"mcm","clk":"7594593164","pt":1538913700291,"mc":[{"id":"1.149188728","rc":[{"ltp":3.0,"id":8257807},{"ltp":1.5,"id":2249834}]}]}
{"op":"mcm","clk":"7594603949","pt":1538913760271,"mc":[{"id":"1.149188728","rc":[{"ltp":3.1,"id":8257807},{"ltp":1.46,"id":2249834}]}]}
{"op":"mcm","clk":"7594614657","pt":1538913820230,"mc":[{"id":"1.149188728","rc":[{"ltp":3.55,"id":8257807},{"ltp":1.4,"id":2249834}]}]}
{"op":"mcm","clk":"7594626042","pt":1538913880267,"mc":[{"id":"1.149188728","rc":[{"ltp":4.4,"id":8257807},{"ltp":1.3,"id":2249834}]}]}
{"op":"mcm","clk":"7594636678","pt":1538913940274,"mc":[{"id":"1.149188728","rc":[{"ltp":3.75,"id":8257807},{"ltp":1.39,"id":2249834}]}]}
{"op":"mcm","clk":"7594647477","pt":1538913999930,"mc":[{"id":"1.149188728","rc":[{"ltp":2.96,"id":8257807},{"ltp":1.51,"id":2249834}]}]}
{"op":"mcm","clk":"7594671222","pt":1538914060206,"mc":[{"id":"1.149188728","rc":[{"ltp":2.68,"id":8257807},{"ltp":1.6,"id":2249834}]}]}
{"op":"mcm","clk":"7594682939","pt":1538914120286,"mc":[{"id":"1.149188728","rc":[{"ltp":2.32,"id":8257807},{"ltp":1.75,"id":2249834}]}]}
{"op":"mcm","clk":"7594694996","pt":1538914180082,"mc":[{"id":"1.149188728","rc":[{"ltp":2.06,"id":8257807},{"ltp":1.87,"id":2249834}]}]}
{"op":"mcm","clk":"7594707799","pt":1538914239827,"mc":[{"id":"1.149188728","rc":[{"ltp":2.26,"id":8257807},{"ltp":1.69,"id":2249834}]}]}
{"op":"mcm","clk":"7594720044","pt":1538914300296,"mc":[{"id":"1.149188728","rc":[{"ltp":2.46,"id":8257807},{"ltp":1.68,"id":2249834}]}]}
{"op":"mcm","clk":"7594732032","pt":1538914360231,"mc":[{"id":"1.149188728","rc":[{"ltp":2.26,"id":8257807},{"ltp":1.7,"id":2249834}]}]}
{"op":"mcm","clk":"7594744158","pt":1538914420314,"mc":[{"id":"1.149188728","rc":[{"ltp":2.52,"id":8257807},{"ltp":1.63,"id":2249834}]}]}
{"op":"mcm","clk":"7594757541","pt":1538914479880,"mc":[{"id":"1.149188728","rc":[{"ltp":2.5,"id":8257807},{"ltp":1.66,"id":2249834}]}]}
{"op":"mcm","clk":"7594770726","pt":1538914540324,"mc":[{"id":"1.149188728","rc":[{"ltp":1.67,"id":2249834}]}]}
{"op":"mcm","clk":"7594782560","pt":1538914600344,"mc":[{"id":"1.149188728","rc":[{"ltp":2.22,"id":8257807},{"ltp":1.79,"id":2249834}]}]}
{"op":"mcm","clk":"7594793654","pt":1538914659577,"mc":[{"id":"1.149188728","rc":[{"ltp":2.3,"id":8257807},{"ltp":1.76,"id":2249834}]}]}
{"op":"mcm","clk":"7594805696","pt":1538914720154,"mc":[{"id":"1.149188728","rc":[{"ltp":1.78,"id":2249834}]}]}
{"op":"mcm","clk":"7594817676","pt":1538914780268,"mc":[{"id":"1.149188728","rc":[{"ltp":2.14,"id":8257807},{"ltp":1.89,"id":2249834}]}]}
{"op":"mcm","clk":"7594829132","pt":1538914840320,"mc":[{"id":"1.149188728","rc":[{"ltp":1.86,"id":2249834}]}]}
{"op":"mcm","clk":"7594841900","pt":1538914900079,"mc":[{"id":"1.149188728","rc":[{"ltp":2.2,"id":8257807},{"ltp":1.83,"id":2249834}]}]}
{"op":"mcm","clk":"7594865137","pt":1538914959949,"mc":[{"id":"1.149188728","rc":[{"ltp":2.28,"id":8257807},{"ltp":1.78,"id":2249834}]}]}
{"op":"mcm","clk":"7594876346","pt":1538915019398,"mc":[{"id":"1.149188728","rc":[{"ltp":2.32,"id":8257807},{"ltp":1.75,"id":2249834}]}]}
{"op":"mcm","clk":"7594886944","pt":1538915080328,"mc":[{"id":"1.149188728","rc":[{"ltp":2.1,"id":8257807},{"ltp":1.87,"id":2249834}]}]}
{"op":"mcm","clk":"7594898787","pt":1538915140206,"mc":[{"id":"1.149188728","rc":[{"ltp":2.68,"id":8257807},{"ltp":1.6,"id":2249834}]}]}
{"op":"mcm","clk":"7594911233","pt":1538915199946,"mc":[{"id":"1.149188728","rc":[{"ltp":2.42,"id":8257807},{"ltp":1.7,"id":2249834}]}]}
{"op":"mcm","clk":"7594924422","pt":1538915260238,"mc":[{"id":"1.149188728","rc":[{"ltp":1.96,"id":8257807},{"ltp":2.02,"id":2249834}]}]}
{"op":"mcm","clk":"7594937480","pt":1538915320327,"mc":[{"id":"1.149188728","rc":[{"ltp":2.0,"id":8257807},{"ltp":2.0,"id":2249834}]}]}
{"op":"mcm","clk":"7594950076","pt":1538915380127,"mc":[{"id":"1.149188728","rc":[{"ltp":1.98,"id":8257807},{"ltp":2.02,"id":2249834}]}]}
{"op":"mcm","clk":"7594964555","pt":1538915440276,"mc":[{"id":"1.149188728","rc":[{"ltp":1.95,"id":8257807},{"ltp":2.06,"id":2249834}]}]}
{"op":"mcm","clk":"7594980797","pt":1538915500263,"mc":[{"id":"1.149188728","rc":[{"ltp":1.77,"id":8257807},{"ltp":2.3,"id":2249834}]}]}
{"op":"mcm","clk":"7594992772","pt":1538915560141,"mc":[{"id":"1.149188728","rc":[{"ltp":2.02,"id":8257807},{"ltp":1.97,"id":2249834}]}]}
{"op":"mcm","clk":"7595006266","pt":1538915620224,"mc":[{"id":"1.149188728","rc":[{"ltp":2.06,"id":8257807},{"ltp":1.94,"id":2249834}]}]}
{"op":"mcm","clk":"7595019608","pt":1538915680166,"mc":[{"id":"1.149188728","rc":[{"ltp":2.08,"id":8257807},{"ltp":1.92,"id":2249834}]}]}
{"op":"mcm","clk":"7595032673","pt":1538915740151,"mc":[{"id":"1.149188728","rc":[{"ltp":2.12,"id":8257807},{"ltp":1.9,"id":2249834}]}]}
{"op":"mcm","clk":"7595046331","pt":1538915800340,"mc":[{"id":"1.149188728","rc":[{"ltp":1.96,"id":8257807},{"ltp":2.02,"id":2249834}]}]}
{"op":"mcm","clk":"7595070608","pt":1538915860288,"mc":[{"id":"1.149188728","rc":[{"ltp":1.9,"id":8257807},{"ltp":2.18,"id":2249834}]}]}
{"op":"mcm","clk":"7595082192","pt":1538915920143,"mc":[{"id":"1.149188728","rc":[{"ltp":1.92,"id":8257807},{"ltp":2.08,"id":2249834}]}]}
{"op":"mcm","clk":"7595093399","pt":1538915980319,"mc":[{"id":"1.149188728","rc":[{"ltp":2.08,"id":8257807},{"ltp":1.92,"id":2249834}]}]}
{"op":"mcm","clk":"7595104493","pt":1538916040190,"mc":[{"id":"1.149188728","rc":[{"ltp":2.12,"id":8257807},{"ltp":1.91,"id":2249834}]}]}
{"op":"mcm","clk":"7595115731","pt":1538916100026,"mc":[{"id":"1.149188728","rc":[{"ltp":2.04,"id":8257807},{"ltp":1.96,"id":2249834}]}]}
{"op":"mcm","clk":"7595126904","pt":1538916160093,"mc":[{"id":"1.149188728","rc":[{"ltp":2.02,"id":8257807},{"ltp":1.98,"id":2249834}]}]}
{"op":"mcm","clk":"7595138473","pt":1538916220283,"mc":[{"id":"1.149188728","rc":[{"ltp":1.9,"id":8257807},{"ltp":2.1,"id":2249834}]}]}
{"op":"mcm","clk":"7595149975","pt":1538916280140,"mc":[{"id":"1.149188728","rc":[{"ltp":1.74,"id":8257807},{"ltp":2.34,"id":2249834}]}]}
{"op":"mcm","clk":"7595160876","pt":1538916340340,"mc":[{"id":"1.149188728","rc":[{"ltp":1.82,"id":8257807},{"ltp":2.2,"id":2249834}]}]}
{"op":"mcm","clk":"7595172244","pt":1538916400131,"mc":[{"id":"1.149188728","rc":[{"ltp":2.0,"id":8257807},{"ltp":2.0,"id":2249834}]}]}
{"op":"mcm","clk":"7595184052","pt":1538916460258,"mc":[{"id":"1.149188728","rc":[{"ltp":2.04,"id":8257807},{"ltp":1.95,"id":2249834}]}]}
{"op":"mcm","clk":"7595196476","pt":1538916519961,"mc":[{"id":"1.149188728","rc":[{"ltp":1.96,"id":2249834}]}]}
{"op":"mcm","clk":"7595208750","pt":1538916580267,"mc":[{"id":"1.149188728","rc":[{"ltp":2.12,"id":8257807},{"ltp":1.89,"id":2249834}]}]}
{"op":"mcm","clk":"7595221068","pt":1538916640260,"mc":[{"id":"1.149188728","rc":[{"ltp":1.87,"id":2249834}]}]}
{"op":"mcm","clk":"7595232794","pt":1538916700210,"mc":[{"id":"1.149188728","rc":[{"ltp":2.02,"id":8257807},{"ltp":1.99,"id":2249834}]}]}
{"op":"mcm","clk":"7595255597","pt":1538916760211,"mc":[{"id":"1.149188728","rc":[{"ltp":2.36,"id":8257807},{"ltp":1.73,"id":2249834}]}]}
{"op":"mcm","clk":"7595265982","pt":1538916820141,"mc":[{"id":"1.149188728","rc":[{"ltp":1.93,"id":8257807},{"ltp":2.06,"id":2249834}]}]}
{"op":"mcm","clk":"7595277232","pt":1538916880019,"mc":[{"id":"1.149188728","rc":[{"ltp":1.85,"id":8257807},{"ltp":2.16,"id":2249834}]}]}
{"op":"mcm","clk":"7595287995","pt":1538916940262,"mc":[{"id":"1.149188728","rc":[{"ltp":1.78,"id":8257807},{"ltp":2.46,"id":2249834}]}]}
{"op":"mcm","clk":"7595299068","pt":1538917000094,"mc":[{"id":"1.149188728","rc":[{"ltp":1.77,"id":8257807},{"ltp":2.3,"id":2249834}]}]}
{"op":"mcm","clk":"7595309997","pt":1538917060218,"mc":[{"id":"1.149188728","rc":[{"ltp":2.04,"id":8257807},{"ltp":1.95,"id":2249834}]}]}
{"op":"mcm","clk":"7595331820","pt":1538917179881,"mc":[{"id":"1.149188728","rc":[{"ltp":1.97,"id":2249834}]}]}
{"op":"mcm","clk":"7595343252","pt":1538917240194,"mc":[{"id":"1.149188728","rc":[{"ltp":2.28,"id":8257807},{"ltp":1.78,"id":2249834}]}]}
{"op":"mcm","clk":"7595355371","pt":1538917300063,"mc":[{"id":"1.149188728","rc":[{"ltp":2.34,"id":8257807},{"ltp":1.68,"id":2249834}]}]}
{"op":"mcm","clk":"7595368658","pt":1538917360278,"mc":[{"id":"1.149188728","rc":[{"ltp":1.92,"id":8257807},{"ltp":2.08,"id":2249834}]}]}
{"op":"mcm","clk":"7595381333","pt":1538917419934,"mc":[{"id":"1.149188728","rc":[{"ltp":2.14,"id":8257807},{"ltp":1.84,"id":2249834}]}]}
{"op":"mcm","clk":"7595395240","pt":1538917480319,"mc":[{"id":"1.149188728","rc":[{"ltp":2.16,"id":8257807},{"ltp":1.86,"id":2249834}]}]}
{"op":"mcm","clk":"7595409602","pt":1538917540171,"mc":[{"id":"1.149188728","rc":[{"ltp":2.46,"id":8257807}]}]}
{"op":"mcm","clk":"7595423870","pt":1538917600258,"mc":[{"id":"1.149188728","rc":[{"ltp":2.5,"id":8257807},{"ltp":1.67,"id":2249834}]}]}
{"op":"mcm","clk":"7595450196","pt":1538917660227,"mc":[{"id":"1.149188728","rc":[{"ltp":2.22,"id":8257807},{"ltp":1.82,"id":2249834}]}]}
{"op":"mcm","clk":"7595465018","pt":1538917719755,"mc":[{"id":"1.149188728","rc":[{"ltp":2.0,"id":8257807},{"ltp":2.0,"id":2249834}]}]}
{"op":"mcm","clk":"7595480525","pt":1538917780285,"mc":[{"id":"1.149188728","rc":[{"ltp":2.04,"id":8257807},{"ltp":1.97,"id":2249834}]}]}
{"op":"mcm","clk":"7595495717","pt":1538917840141,"mc":[{"id":"1.149188728","rc":[{"ltp":1.9,"id":8257807},{"ltp":2.12,"id":2249834}]}]}
{"op":"mcm","clk":"7595511782","pt":1538917900258,"mc":[{"id":"1.149188728","rc":[{"ltp":1.48,"id":8257807},{"ltp":3.05,"id":2249834}]}]}
{"op":"mcm","clk":"7595527989","pt":1538917960290,"mc":[{"id":"1.149188728","rc":[{"ltp":1.37,"id":8257807},{"ltp":3.75,"id":2249834}]}]}
{"op":"mcm","clk":"7595543874","pt":1538918020314,"mc":[{"id":"1.149188728","rc":[{"ltp":1.16,"id":8257807},{"ltp":7.4,"id":2249834}]}]}
{"op":"mcm","clk":"7595558929","pt":1538918080347,"mc":[{"id":"1.149188728","rc":[{"ltp":1.13,"id":8257807},{"ltp":8.0,"id":2249834}]}]}
{"op":"mcm","clk":"7595574162","pt":1538918140323,"mc":[{"id":"1.149188728","rc":[{"ltp":1.16,"id":8257807},{"ltp":7.4,"id":2249834}]}]}
{"op":"mcm","clk":"7595588172","pt":1538918200010,"mc":[{"id":"1.149188728","rc":[{"ltp":1.1,"id":8257807},{"ltp":12.0,"id":2249834}]}]}
{"op":"mcm","clk":"7595601820","pt":1538918259581,"mc":[{"id":"1.149188728","rc":[{"ltp":13.5,"id":2249834}]}]}
{"op":"mcm","clk":"7595615589","pt":1538918320149,"mc":[{"id":"1.149188728","rc":[{"ltp":1.09,"id":8257807},{"ltp":6.0,"id":2249834}]}]}
{"op":"mcm","clk":"7595629241","pt":1538918380316,"mc":[{"id":"1.149188728","rc":[{"ltp":1.38,"id":8257807},{"ltp":3.65,"id":2249834}]}]}
{"op":"mcm","clk":"7595642987","pt":1538918440333,"mc":[{"id":"1.149188728","rc":[{"ltp":1.08,"id":8257807},{"ltp":13.5,"id":2249834}]}]}
{"op":"mcm","clk":"7595653675","pt":1538918487779,"mc":[{"id":"1.149188728","marketDefinition":{"bspMarket":false,"turnInPlayEnabled":true,"persistenceEnabled":true,"marketBaseRate":5.0,"eventId":"28942594","eventTypeId":"2","numberOfWinners":1,"bettingType":"ODDS","marketType":"MATCH_ODDS","marketTime":"2018-10-07T11:23:00.000Z","suspendTime":"2018-10-07T11:23:00.000Z","bspReconciled":false,"complete":true,"inPlay":true,"crossMatching":true,"runnersVoidable":false,"numberOfActiveRunners":2,"betDelay":5,"status":"SUSPENDED","runners":[{"status":"ACTIVE","sortPriority":1,"id":2249834,"name":"Juan Martin Del Potro"},{"status":"ACTIVE","sortPriority":2,"id":8257807,"name":"Nikoloz Basilashvili"}],"regulators":["MR_INT"],"countryCode":"CN","discountAllowed":true,"timezone":"UTC","openDate":"2018-10-07T11:23:00.000Z","version":2443979181,"name":"Match Odds","eventName":"Del Potro v Basilashvili"},"rc":[{"ltp":1.1,"id":8257807},{"ltp":11.0,"id":2249834}]}]}
{"op":"mcm","clk":"7595679478","pt":1538918553226,"mc":[{"id":"1.149188728","marketDefinition":{"bspMarket":false,"turnInPlayEnabled":true,"persistenceEnabled":true,"marketBaseRate":5.0,"eventId":"28942594","eventTypeId":"2","numberOfWinners":1,"bettingType":"ODDS","marketType":"MATCH_ODDS","marketTime":"2018-10-07T11:23:00.000Z","suspendTime":"2018-10-07T11:23:00.000Z","bspReconciled":false,"complete":true,"inPlay":true,"crossMatching":false,"runnersVoidable":false,"numberOfActiveRunners":0,"betDelay":5,"status":"CLOSED","settledTime":"2018-10-07T13:22:00.000Z","runners":[{"status":"LOSER","sortPriority":1,"id":2249834,"name":"Juan Martin Del Potro"},{"status":"WINNER","sortPriority":2,"id":8257807,"name":"Nikoloz Basilashvili"}],"regulators":["MR_INT"],"countryCode":"CN","discountAllowed":true,"timezone":"UTC","openDate":"2018-10-07T11:23:00.000Z","version":2443983162,"name":"Match Odds","eventName":"Del Potro v Basilashvili"}}]}
