{"op":"mcm","clk":"7773144794","pt":1540055356781,"mc":[{"id":"1.149918231","marketDefinition":{"bspMarket":false,"turnInPlayEnabled":true,"persistenceEnabled":true,"marketBaseRate":5.0,"eventId":"28967217","eventTypeId":"2","numberOfWinners":1,"bettingType":"ODDS","marketType":"MATCH_ODDS","marketTime":"2018-10-21T13:00:00.000Z","suspendTime":"2018-10-21T13:00:00.000Z","bspReconciled":false,"complete":true,"inPlay":false,"crossMatching":true,"runnersVoidable":false,"numberOfActiveRunners":2,"betDelay":0,"status":"OPEN","runners":[{"status":"ACTIVE","sortPriority":1,"id":5626817,"name":"Kyle Edmund"},{"status":"ACTIVE","sortPriority":2,"id":2257300,"name":"Gael Monfils"}],"regulators":["MR_INT"],"countryCode":"BE","discountAllowed":true,"timezone":"UTC","openDate":"2018-10-21T13:00:00.000Z","version":2465584669,"name":"Match Odds","eventName":"Edmund v Monfils"}}]}
{"op":"mcm","clk":"7773787214","pt":1540058556519,"mc":[{"id":"1.149918231","rc":[{"ltp":1.83,"id":5626817}]}]}
{"op":"mcm","clk":"7774023332","pt":1540059782916,"mc":[{"id":"1.149918231","rc":[{"ltp":1.82,"id":5626817},{"ltp":2.22,"id":2257300}]}]}
{"op":"mcm","clk":"7774207431","pt":1540060768597,"mc":[{"id":"1.149918231","rc":[{"ltp":1.78,"id":5626817}]}]}
{"op":"mcm","clk":"7774378575","pt":1540061622332,"mc":[{"id":"1.149918231","rc":[{"ltp":1.8,"id":5626817}]}]}
{"op":"mcm","clk":"7774406575","pt":1540061783506,"mc":[{"id":"1.149918231","rc":[{"ltp":1.76,"id":5626817}]}]}
{"op":"mcm","clk":"7774560958","pt":1540062520435,"mc":[{"id":"1.149918231","rc":[{"ltp":1.8,"id":5626817},{"ltp":2.24,"id":2257300}]}]}
{"op":"mcm","clk":"7774767357","pt":1540063545790,"mc":[{"id":"1.149918231","rc":[{"ltp":1.77,"id":5626817}]}]}
{"op":"mcm","clk":"7774806478","pt":1540063788818,"mc":[{"id":"1.149918231","rc":[{"ltp":1.76,"id":5626817}]}]}
{"op":"mcm","clk":"7774829895","pt":1540063906857,"mc":[{"id":"1.149918231","rc":[{"ltp":1.77,"id":5626817}]}]}
{"op":"mcm","clk":"7774862050","pt":1540064007645,"mc":[{"id":"1.149918231","rc":[{"ltp":2.2,"id":2257300}]}]}
{"op":"mcm","clk":"7775338601","pt":1540066511502,"mc":[{"id":"1.149918231","rc":[{"ltp":1.76,"id":5626817},{"ltp":2.32,"id":2257300}]}]}
{"op":"mcm","clk":"7775435803","pt":1540067023097,"mc":[{"id":"1.149918231","rc":[{"ltp":1.8,"id":5626817}]}]}
{"op":"mcm","clk":"7775772255","pt":1540069274751,"mc":[{"id":"1.149918231","rc":[{"ltp":1.79,"id":5626817},{"ltp":2.26,"id":2257300}]}]}
{"op":"mcm","clk":"7776052443","pt":1540071401301,"mc":[{"id":"1.149918231","rc":[{"ltp":1.81,"id":5626817},{"ltp":2.22,"id":2257300}]}]}
{"op":"mcm","clk":"7776707379","pt":1540076692132,"mc":[{"id":"1.149918231","rc":[{"ltp":1.79,"id":5626817}]}]}
{"op":"mcm","clk":"7777272046","pt":1540081117565,"mc":[{"id":"1.149918231","rc":[{"ltp":2.26,"id":2257300}]}]}
{"op":"mcm","clk":"7777276510","pt":1540081157650,"mc":[{"id":"1.149918231","rc":[{"ltp":2.22,"id":2257300}]}]}
{"op":"mcm","clk":"7777659079","pt":1540084906478,"mc":[{"id":"1.149918231","rc":[{"ltp":1.78,"id":5626817},{"ltp":2.26,"id":2257300}]}]}
{"op":"mcm","clk":"7777759153","pt":1540086025863,"mc":[{"id":"1.149918231","rc":[{"ltp":2.22,"id":2257300}]}]}
{"op":"mcm","clk":"7778282197","pt":1540090848652,"mc":[{"id":"1.149918231","rc":[{"ltp":1.85,"id":5626817},{"ltp":2.16,"id":2257300}]}]}
{"op":"mcm","clk":"7778462378","pt":1540092805176,"mc":[{"id":"1.149918231","rc":[{"ltp":1.84,"id":5626817}]}]}
{"op":"mcm","clk":"7778558757","pt":1540094207776,"mc":[{"id":"1.149918231","rc":[{"ltp":1.83,"id":5626817},{"ltp":2.2,"id":2257300}]}]}
{"op":"mcm","clk":"7778560103","pt":1540094233900,"mc":[{"id":"1.149918231","rc":[{"ltp":1.82,"id":5626817}]}]}
{"op":"mcm","clk":"7778814262","pt":1540097627169,"mc":[{"id":"1.149918231","rc":[{"ltp":2.22,"id":2257300}]}]}
{"op":"mcm","clk":"7778887921","pt":1540098619684,"mc":[{"id":"1.149918231","rc":[{"ltp":1.81,"id":5626817}]}]}
{"op":"mcm","clk":"7778938230","pt":1540099065113,"mc":[{"id":"1.149918231","rc":[{"ltp":2.2,"id":2257300}]}]}
{"op":"mcm","clk":"7779035854","pt":1540100140957,"mc":[{"id":"1.149918231","rc":[{"ltp":1.82,"id":5626817}]}]}
{"op":"mcm","clk":"7779047850","pt":1540100278815,"mc":[{"id":"1.149918231","rc":[{"ltp":1.81,"id":5626817}]}]}
{"op":"mcm","clk":"7779155488","pt":1540101525513,"mc":[{"id":"1.149918231","rc":[{"ltp":1.8,"id":5626817}]}]}
{"op":"mcm","clk":"7779185661","pt":1540101743285,"mc":[{"id":"1.149918231","rc":[{"ltp":1.82,"id":5626817}]}]}
{"op":"mcm","clk":"7779195072","pt":1540101867661,"mc":[{"id":"1.149918231","rc":[{"ltp":1.8,"id":5626817}]}]}
{"op":"mcm","clk":"7779205753","pt":1540101992135,"mc":[{"id":"1.149918231","rc":[{"ltp":1.81,"id":5626817}]}]}
{"op":"mcm","clk":"7779285245","pt":1540102779845,"mc":[{"id":"1.149918231","rc":[{"ltp":1.82,"id":5626817}]}]}
{"op":"mcm","clk":"7779288415","pt":1540102826938,"mc":[{"id":"1.149918231","rc":[{"ltp":1.8,"id":5626817}]}]}
{"op":"mcm","clk":"7779369132","pt":1540103787027,"mc":[{"id":"1.149918231","rc":[{"ltp":1.81,"id":5626817}]}]}
{"op":"mcm","clk":"7779453115","pt":1540104705898,"mc":[{"id":"1.149918231","rc":[{"ltp":1.8,"id":5626817}]}]}
{"op":"mcm","clk":"7779482557","pt":1540105176405,"mc":[{"id":"1.149918231","rc":[{"ltp":2.22,"id":2257300}]}]}
{"op":"mcm","clk":"7779519294","pt":1540105484123,"mc":[{"id":"1.149918231","rc":[{"ltp":1.82,"id":5626817},{"ltp":2.2,"id":2257300}]}]}
{"op":"mcm","clk":"7779521221","pt":1540105510791,"mc":[{"id":"1.149918231","rc":[{"ltp":1.81,"id":5626817}]}]}
{"op":"mcm","clk":"7779545491","pt":1540105839460,"mc":[{"id":"1.149918231","rc":[{"ltp":1.82,"id":5626817}]}]}
{"op":"mcm","clk":"7779619693","pt":1540106679694,"mc":[{"id":"1.149918231","rc":[{"ltp":1.81,"id":5626817}]}]}
{"op":"mcm","clk":"7779641834","pt":1540106977708,"mc":[{"id":"1.149918231","rc":[{"ltp":2.22,"id":2257300}]}]}
{"op":"mcm","clk":"7779684776","pt":1540107313142,"mc":[{"id":"1.149918231","rc":[{"ltp":1.82,"id":5626817},{"ltp":2.2,"id":2257300}]}]}
{"op":"mcm","clk":"7779700831","pt":1540107514601,"mc":[{"id":"1.149918231","rc":[{"ltp":1.81,"id":5626817}]}]}
{"op":"mcm","clk":"7779717359","pt":1540107737488,"mc":[{"id":"1.149918231","rc":[{"ltp":1.82,"id":5626817}]}]}
{"op":"mcm","clk":"7779737353","pt":1540108008331,"mc":[{"id":"1.149918231","rc":[{"ltp":1.81,"id":5626817}]}]}
{"op":"mcm","clk":"7779772568","pt":1540108300233,"mc":[{"id":"1.149918231","rc":[{"ltp":1.82,"id":5626817}]}]}
{"op":"mcm","clk":"7779800700","pt":1540108687791,"mc":[{"id":"1.149918231","rc":[{"ltp":1.81,"id":5626817}]}]}
{"op":"mcm","clk":"7779833246","pt":1540108971940,"mc":[{"id":"1.149918231","rc":[{"ltp":2.22,"id":2257300}]}]}
{"op":"mcm","clk":"7779880407","pt":1540109671642,"mc":[{"id":"1.149918231","rc":[{"ltp":1.82,"id":5626817}]}]}
{"op":"mcm","clk":"7779960804","pt":1540110523124,"mc":[{"id":"1.149918231","rc":[{"ltp":1.8,"id":5626817}]}]}
{"op":"mcm","clk":"7780006329","pt":1540110941393,"mc":[{"id":"1.149918231","rc":[{"ltp":2.26,"id":2257300}]}]}
{"op":"mcm","clk":"7780020098","pt":1540111096758,"mc":[{"id":"1.149918231","rc":[{"ltp":1.81,"id":5626817}]}]}
{"op":"mcm","clk":"7780111462","pt":1540111905349,"mc":[{"id":"1.149918231","rc":[{"ltp":1.8,"id":5626817},{"ltp":2.24,"id":2257300}]}]}
{"op":"mcm","clk":"7780189979","pt":1540112540012,"mc":[{"id":"1.149918231","rc":[{"ltp":1.82,"id":5626817}]}]}
{"op":"mcm","clk":"7780232834","pt":1540112912625,"mc":[{"id":"1.149918231","rc":[{"ltp":2.22,"id":2257300}]}]}
{"op":"mcm","clk":"7780398577","pt":1540114214968,"mc":[{"id":"1.149918231","rc":[{"ltp":1.8,"id":5626817},{"ltp":2.24,"id":2257300}]}]}
{"op":"mcm","clk":"7780426682","pt":1540114365297,"mc":[{"id":"1.149918231","rc":[{"ltp":1.79,"id":5626817},{"ltp":2.26,"id":2257300}]}]}
{"op":"mcm","clk":"7780464419","pt":1540114726416,"mc":[{"id":"1.149918231","rc":[{"ltp":1.78,"id":5626817}]}]}
{"op":"mcm","clk":"7780509949","pt":1540115138688,"mc":[{"id":"1.149918231","rc":[{"ltp":2.24,"id":2257300}]}]}
{"op":"mcm","clk":"7780558110","pt":1540115469228,"mc":[{"id":"1.149918231","rc":[{"ltp":1.8,"id":5626817}]}]}
{"op":"mcm","clk":"7780607019","pt":1540115926874,"mc":[{"id":"1.149918231","rc":[{"ltp":1.88,"id":5626817},{"ltp":2.16,"id":2257300}]}]}
{"op":"mcm","clk":"7780673892","pt":1540116346281,"mc":[{"id":"1.149918231","rc":[{"ltp":1.83,"id":5626817}]}]}
{"op":"mcm","clk":"7780758539","pt":1540116930186,"mc":[{"id":"1.149918231","rc":[{"ltp":2.2,"id":2257300}]}]}
{"op":"mcm","clk":"7780787065","pt":1540117032592,"mc":[{"id":"1.149918231","rc":[{"ltp":1.81,"id":5626817}]}]}
{"op":"mcm","clk":"7780816265","pt":1540117242040,"mc":[{"id":"1.149918231","rc":[{"ltp":1.84,"id":5626817}]}]}
{"op":"mcm","clk":"7780932436","pt":1540118031641,"mc":[{"id":"1.149918231","rc":[{"ltp":2.18,"id":2257300}]}]}
{"op":"mcm","clk":"7780981252","pt":1540118377763,"mc":[{"id":"1.149918231","rc":[{"ltp":1.83,"id":5626817},{"ltp":2.2,"id":2257300}]}]}
{"op":"mcm","clk":"7780995781","pt":1540118488864,"mc":[{"id":"1.149918231","rc":[{"ltp":1.82,"id":5626817}]}]}
{"op":"mcm","clk":"7781004593","pt":1540118553720,"mc":[{"id":"1.149918231","rc":[{"ltp":1.8,"id":5626817}]}]}
{"op":"mcm","clk":"7781029708","pt":1540118730860,"mc":[{"id":"1.149918231","rc":[{"ltp":1.81,"id":5626817}]}]}
{"op":"mcm","clk":"7781079578","pt":1540119025268,"mc":[{"id":"1.149918231","rc":[{"ltp":1.8,"id":5626817},{"ltp":2.24,"id":2257300}]}]}
{"op":"mcm","clk":"7781103656","pt":1540119214610,"mc":[{"id":"1.149918231","rc":[{"ltp":1.81,"id":5626817}]}]}
{"op":"mcm","clk":"7781109272","pt":1540119251299,"mc":[{"id":"1.149918231","rc":[{"ltp":1.8,"id":5626817}]}]}
{"op":"mcm","clk":"7781134794","pt":1540119467672,"mc":[{"id":"1.149918231","rc":[{"ltp":1.81,"id":5626817}]}]}
{"op":"mcm","clk":"7781139722","pt":1540119514112,"mc":[{"id":"1.149918231","rc":[{"ltp":1.82,"id":5626817},{"ltp":2.2,"id":2257300}]}]}
{"op":"mcm","clk":"7781182680","pt":1540119739681,"mc":[{"id":"1.149918231","rc":[{"ltp":1.81,"id":5626817}]}]}
{"op":"mcm","clk":"7781232341","pt":1540120068478,"mc":[{"id":"1.149918231","rc":[{"ltp":1.82,"id":5626817}]}]}
{"op":"mcm","clk":"7781250265","pt":1540120176578,"mc":[{"id":"1.149918231","rc":[{"ltp":1.8,"id":5626817},{"ltp":2.24,"id":2257300}]}]}
{"op":"mcm","clk":"7781269821","pt":1540120303683,"mc":[{"id":"1.149918231","rc":[{"ltp":1.81,"id":5626817}]}]}
{"op":"mcm","clk":"7781338113","pt":1540120657893,"mc":[{"id":"1.149918231","rc":[{"ltp":2.22,"id":2257300}]}]}
{"op":"mcm","clk":"7781349221","pt":1540120728869,"mc":[{"id":"1.149918231","rc":[{"ltp":1.79,"id":5626817}]}]}
{"op":"mcm","clk":"7781357327","pt":1540120780796,"mc":[{"id":"1.149918231","rc":[{"ltp":1.86,"id":5626817},{"ltp":2.18,"id":2257300}]}]}
{"op":"mcm","clk":"7781367782","pt":1540120848567,"mc":[{"id":"1.149918231","rc":[{"ltp":1.84,"id":5626817},{"ltp":2.2,"id":2257300}]}]}
{"op":"mcm","clk":"7781377688","pt":1540120908929,"mc":[{"id":"1.149918231","rc":[{"ltp":1.82,"id":5626817},{"ltp":2.22,"id":2257300}]}]}
{"op":"mcm","clk":"7781387914","pt":1540120966689,"mc":[{"id":"1.149918231","rc":[{"ltp":1.83,"id":5626817}]}]}
{"op":"mcm","clk":"7781396797","pt":1540121021270,"mc":[{"id":"1.149918231","rc":[{"ltp":1.81,"id":5626817},{"ltp":2.2,"id":2257300}]}]}
{"op":"mcm","clk":"7781406714","pt":1540121085824,"mc":[{"id":"1.149918231","rc":[{"ltp":2.22,"id":2257300}]}]}
{"op":"mcm","clk":"7781415986","pt":1540121148118,"mc":[{"id":"1.149918231","rc":[{"ltp":1.84,"id":5626817},{"ltp":2.18,"id":2257300}]}]}
{"op":"mcm","clk":"7781425257","pt":1540121207853,"mc":[{"id":"1.149918231","rc":[{"ltp":1.86,"id":5626817}]}]}
{"op":"mcm","clk":"7781434407","pt":1540121268409,"mc":[{"id":"1.149918231","rc":[{"ltp":2.16,"id":2257300}]}]}
{"op":"mcm","clk":"7781443310","pt":1540121325757,"mc":[{"id":"1.149918231","rc":[{"ltp":1.84,"id":5626817}]}]}
{"op":"mcm","clk":"7781452175","pt":1540121384210,"mc":[{"id":"1.149918231","rc":[{"ltp":1.86,"id":5626817}]}]}
{"op":"mcm","clk":"7781462365","pt":1540121444019,"mc":[{"id":"1.149918231","rc":[{"ltp":1.84,"id":5626817},{"ltp":2.14,"id":2257300}]}]}
{"op":"mcm","clk":"7781520166","pt":1540121686540,"mc":[{"id":"1.149918231","rc":[{"ltp":1.85,"id":5626817},{"ltp":2.18,"id":2257300}]}]}
{"op":"mcm","clk":"7781584925","pt":1540122011390,"mc":[{"id":"1.149918231","rc":[{"ltp":1.84,"id":5626817}]}]}
{"op":"mcm","clk":"7781650504","pt":1540122348997,"mc":[{"id":"1.149918231","rc":[{"ltp":1.86,"id":5626817}]}]}
{"op":"mcm","clk":"7781685801","pt":1540122468337,"mc":[{"id":"1.149918231","rc":[{"ltp":2.14,"id":2257300}]}]}
{"op":"mcm","clk":"7781706414","pt":1540122583447,"mc":[{"id":"1.149918231","rc":[{"ltp":1.92,"id":5626817},{"ltp":2.06,"id":2257300}]}]}
{"op":"mcm","clk":"7781717218","pt":1540122647357,"mc":[{"id":"1.149918231","rc":[{"ltp":1.95,"id":5626817},{"ltp":2.04,"id":2257300}]}]}
{"op":"mcm","clk":"7781726686","pt":1540122704631,"mc":[{"id":"1.149918231","rc":[{"ltp":1.93,"id":5626817},{"ltp":2.06,"id":2257300}]}]}
{"op":"mcm","clk":"7781737392","pt":1540122768897,"mc":[{"id":"1.149918231","rc":[{"ltp":1.9,"id":5626817},{"ltp":2.12,"id":2257300}]}]}
{"op":"mcm","clk":"7781747129","pt":1540122826799,"mc":[{"id":"1.149918231","rc":[{"ltp":1.95,"id":5626817},{"ltp":2.04,"id":2257300}]}]}
{"op":"mcm","clk":"7781757517","pt":1540122887573,"mc":[{"id":"1.149918231","rc":[{"ltp":1.97,"id":5626817}]}]}
{"op":"mcm","clk":"7781777204","pt":1540123008933,"mc":[{"id":"1.149918231","rc":[{"ltp":1.92,"id":5626817},{"ltp":2.08,"id":2257300}]}]}
{"op":"mcm","clk":"7781785477","pt":1540123061600,"mc":[{"id":"1.149918231","rc":[{"ltp":1.94,"id":5626817},{"ltp":2.06,"id":2257300}]}]}
{"op":"mcm","clk":"7781814630","pt":1540123246050,"mc":[{"id":"1.149918231","rc":[{"ltp":1.93,"id":5626817},{"ltp":2.08,"id":2257300}]}]}
{"op":"mcm","clk":"7781824140","pt":1540123298552,"mc":[{"id":"1.149918231","rc":[{"ltp":1.91,"id":5626817},{"ltp":2.1,"id":2257300}]}]}
{"op":"mcm","clk":"7781849390","pt":1540123367792,"mc":[{"id":"1.149918231","rc":[{"ltp":1.95,"id":5626817},{"ltp":2.06,"id":2257300}]}]}
{"op":"mcm","clk":"7781857177","pt":1540123410896,"mc":[{"id":"1.149918231","rc":[{"ltp":1.96,"id":5626817},{"ltp":2.04,"id":2257300}]}]}
{"op":"mcm","clk":"7781871178","pt":1540123488729,"mc":[{"id":"1.149918231","rc":[{"ltp":1.93,"id":5626817}]}]}
{"op":"mcm","clk":"7781881642","pt":1540123545158,"mc":[{"id":"1.149918231","rc":[{"ltp":1.94,"id":5626817},{"ltp":2.06,"id":2257300}]}]}
{"op":"mcm","clk":"7781892433","pt":1540123606697,"mc":[{"id":"1.149918231","rc":[{"ltp":1.9,"id":5626817},{"ltp":2.1,"id":2257300}]}]}
{"op":"mcm","clk":"7781903109","pt":1540123665849,"mc":[{"id":"1.149918231","rc":[{"ltp":1.88,"id":5626817},{"ltp":2.12,"id":2257300}]}]}
{"op":"mcm","clk":"7781923190","pt":1540123777931,"mc":[{"id":"1.149918231","rc":[{"ltp":1.89,"id":5626817}]}]}
{"op":"mcm","clk":"7781935118","pt":1540123846388,"mc":[{"id":"1.149918231","rc":[{"ltp":1.9,"id":5626817}]}]}
{"op":"mcm","clk":"7781946181","pt":1540123909007,"mc":[{"id":"1.149918231","rc":[{"ltp":1.89,"id":5626817}]}]}
{"op":"mcm","clk":"7781989151","pt":1540124144409,"mc":[{"id":"1.149918231","rc":[{"ltp":1.88,"id":5626817},{"ltp":2.14,"id":2257300}]}]}
{"op":"mcm","clk":"7781996924","pt":1540124191797,"mc":[{"id":"1.149918231","rc":[{"ltp":1.87,"id":5626817}]}]}
{"op":"mcm","clk":"7782020132","pt":1540124255650,"mc":[{"id":"1.149918231","rc":[{"ltp":1.89,"id":5626817},{"ltp":2.12,"id":2257300}]}]}
{"op":"mcm","clk":"7782024058","pt":1540124280297,"mc":[{"id":"1.149918231","rc":[{"ltp":1.88,"id":5626817}]}]}
{"op":"mcm","clk":"7782051462","pt":1540124438549,"mc":[{"id":"1.149918231","rc":[{"ltp":1.89,"id":5626817}]}]}
{"op":"mcm","clk":"7782061927","pt":1540124495576,"mc":[{"id":"1.149918231","rc":[{"ltp":1.88,"id":5626817}]}]}
{"op":"mcm","clk":"7782074592","pt":1540124564427,"mc":[{"id":"1.149918231","rc":[{"ltp":1.9,"id":5626817}]}]}
{"op":"mcm","clk":"7782085429","pt":1540124626363,"mc":[{"id":"1.149918231","rc":[{"ltp":1.89,"id":5626817},{"ltp":2.1,"id":2257300}]}]}
{"op":"mcm","clk":"7782194030","pt":1540125145771,"mc":[{"id":"1.149918231","rc":[{"ltp":2.12,"id":2257300}]}]}
{"op":"mcm","clk":"7782221395","pt":1540125280793,"mc":[{"id":"1.149918231","rc":[{"ltp":1.9,"id":5626817}]}]}
{"op":"mcm","clk":"7782232696","pt":1540125334619,"mc":[{"id":"1.149918231","rc":[{"ltp":2.1,"id":2257300}]}]}
{"op":"mcm","clk":"7782248074","pt":1540125406502,"mc":[{"id":"1.149918231","rc":[{"ltp":2.12,"id":2257300}]}]}
{"op":"mcm","clk":"7782261848","pt":1540125468663,"mc":[{"id":"1.149918231","rc":[{"ltp":1.89,"id":5626817},{"ltp":2.14,"id":2257300}]}]}
{"op":"mcm","clk":"7782289023","pt":1540125586788,"mc":[{"id":"1.149918231","rc":[{"ltp":1.88,"id":5626817}]}]}
{"op":"mcm","clk":"7782311487","pt":1540125691984,"mc":[{"id":"1.149918231","rc":[{"ltp":1.87,"id":5626817},{"ltp":2.12,"id":2257300}]}]}
{"op":"mcm","clk":"7782353268","pt":1540125887894,"mc":[{"id":"1.149918231","rc":[{"ltp":2.14,"id":2257300}]}]}
{"op":"mcm","clk":"7782363854","pt":1540125936969,"mc":[{"id":"1.149918231","rc":[{"ltp":1.86,"id":5626817}]}]}
{"op":"mcm","clk":"7782405180","pt":1540126068918,"mc":[{"id":"1.149918231","rc":[{"ltp":1.85,"id":5626817},{"ltp":2.16,"id":2257300}]}]}
{"op":"mcm","clk":"7782417486","pt":1540126127660,"mc":[{"id":"1.149918231","rc":[{"ltp":1.87,"id":5626817},{"ltp":2.14,"id":2257300}]}]}
{"op":"mcm","clk":"7782428652","pt":1540126181661,"mc":[{"id":"1.149918231","rc":[{"ltp":1.88,"id":5626817}]}]}
{"op":"mcm","clk":"7782449764","pt":1540126286874,"mc":[{"id":"1.149918231","rc":[{"ltp":1.87,"id":5626817}]}]}
{"op":"mcm","clk":"7782473250","pt":1540126414622,"mc":[{"id":"1.149918231","rc":[{"ltp":1.88,"id":5626817}]}]}
{"op":"mcm","clk":"7782497820","pt":1540126545740,"mc":[{"id":"1.149918231","rc":[{"ltp":1.87,"id":5626817},{"ltp":2.12,"id":2257300}]}]}
{"op":"mcm","clk":"7782508784","pt":1540126600602,"mc":[{"id":"1.149918231","rc":[{"ltp":2.14,"id":2257300}]}]}
{"op":"mcm","clk":"7782532879","pt":1540126723085,"mc":[{"id":"1.149918231","marketDefinition":{"bspMarket":false,"turnInPlayEnabled":true,"persistenceEnabled":true,"marketBaseRate":5.0,"eventId":"28967217","eventTypeId":"2","numberOfWinners":1,"bettingType":"ODDS","marketType":"MATCH_ODDS","marketTime":"2018-10-21T13:15:00.000Z","suspendTime":"2018-10-21T13:15:00.000Z","bspReconciled":false,"complete":true,"inPlay":false,"crossMatching":true,"runnersVoidable":false,"numberOfActiveRunners":2,"betDelay":0,"status":"OPEN","runners":[{"status":"ACTIVE","sortPriority":1,"id":5626817,"name":"Kyle Edmund"},{"status":"ACTIVE","sortPriority":2,"id":2257300,"name":"Gael Monfils"}],"regulators":["MR_INT"],"countryCode":"BE","discountAllowed":true,"timezone":"UTC","openDate":"2018-10-21T13:15:00.000Z","version":2467951691,"name":"Match Odds","eventName":"Edmund v Monfils"},"rc":[{"ltp":1.89,"id":5626817},{"ltp":2.12,"id":2257300}]}]}
{"op":"mcm","clk":"7782543312","pt":1540126775698,"mc":[{"id":"1.149918231","rc":[{"ltp":2.14,"id":2257300}]}]}
{"op":"mcm","clk":"7782557917","pt":1540126846000,"mc":[{"id":"1.149918231","rc":[{"ltp":1.87,"id":5626817},{"ltp":2.12,"id":2257300}]}]}
{"op":"mcm","clk":"7782597487","pt":1540126966703,"mc":[{"id":"1.149918231","rc":[{"ltp":1.88,"id":5626817}]}]}
{"op":"mcm","clk":"7782611749","pt":1540127028795,"mc":[{"id":"1.149918231","marketDefinition":{"bspMarket":false,"turnInPlayEnabled":true,"persistenceEnabled":true,"marketBaseRate":5.0,"eventId":"28967217","eventTypeId":"2","numberOfWinners":1,"bettingType":"ODDS","marketType":"MATCH_ODDS","marketTime":"2018-10-21T12:58:00.000Z","suspendTime":"2018-10-21T12:58:00.000Z","bspReconciled":false,"complete":true,"inPlay":false,"crossMatching":true,"runnersVoidable":false,"numberOfActiveRunners":2,"betDelay":0,"status":"OPEN","runners":[{"status":"ACTIVE","sortPriority":1,"id":5626817,"name":"Kyle Edmund"},{"status":"ACTIVE","sortPriority":2,"id":2257300,"name":"Gael Monfils"}],"regulators":["MR_INT"],"countryCode":"BE","discountAllowed":true,"timezone":"UTC","openDate":"2018-10-21T12:58:00.000Z","version":2468007390,"name":"Match Odds","eventName":"Edmund v Monfils"},"rc":[{"ltp":1.91,"id":5626817},{"ltp":2.1,"id":2257300}]}]}
{"op":"mcm","clk":"7782623997","pt":1540127082432,"mc":[{"id":"1.149918231","rc":[{"ltp":1.89,"id":5626817},{"ltp":2.12,"id":2257300}]}]}
{"op":"mcm","clk":"7782639510","pt":1540127147056,"mc":[{"id":"1.149918231","rc":[{"ltp":1.93,"id":5626817},{"ltp":2.08,"id":2257300}]}]}
{"op":"mcm","clk":"7782654392","pt":1540127207436,"mc":[{"id":"1.149918231","rc":[{"ltp":1.9,"id":5626817},{"ltp":2.06,"id":2257300}]}]}
{"op":"mcm","clk":"7782669564","pt":1540127268602,"mc":[{"id":"1.149918231","marketDefinition":{"bspMarket":false,"turnInPlayEnabled":true,"persistenceEnabled":true,"marketBaseRate":5.0,"eventId":"28967217","eventTypeId":"2","numberOfWinners":1,"bettingType":"ODDS","marketType":"MATCH_ODDS","marketTime":"2018-10-21T12:58:00.000Z","suspendTime":"2018-10-21T12:58:00.000Z","bspReconciled":false,"complete":true,"inPlay":true,"crossMatching":true,"runnersVoidable":false,"numberOfActiveRunners":2,"betDelay":5,"status":"OPEN","runners":[{"status":"ACTIVE","sortPriority":1,"id":5626817,"name":"Kyle Edmund"},{"status":"ACTIVE","sortPriority":2,"id":2257300,"name":"Gael Monfils"}],"regulators":["MR_INT"],"countryCode":"BE","discountAllowed":true,"timezone":"UTC","openDate":"2018-10-21T12:58:00.000Z","version":2468022847,"name":"Match Odds","eventName":"Edmund v Monfils"},"rc":[{"ltp":1.94,"id":5626817}]}]}
{"op":"mcm","clk":"7782684054","pt":1540127328964,"mc":[{"id":"1.149918231","rc":[{"ltp":1.9,"id":5626817}]}]}
{"op":"mcm","clk":"7782696411","pt":1540127380075,"mc":[{"id":"1.149918231","rc":[{"ltp":1.89,"id":5626817},{"ltp":2.04,"id":2257300}]}]}
{"op":"mcm","clk":"7782712341","pt":1540127447912,"mc":[{"id":"1.149918231","rc":[{"ltp":1.92,"id":5626817},{"ltp":2.08,"id":2257300}]}]}
{"op":"mcm","clk":"7782726415","pt":1540127503973,"mc":[{"id":"1.149918231","rc":[{"ltp":1.95,"id":5626817},{"ltp":2.06,"id":2257300}]}]}
{"op":"mcm","clk":"7782739528","pt":1540127561317,"mc":[{"id":"1.149918231","rc":[{"ltp":1.93,"id":5626817},{"ltp":2.08,"id":2257300}]}]}
{"op":"mcm","clk":"7782754555","pt":1540127627072,"mc":[{"id":"1.149918231","marketDefinition":{"bspMarket":false,"turnInPlayEnabled":true,"persistenceEnabled":true,"marketBaseRate":5.0,"eventId":"28967217","eventTypeId":"2","numberOfWinners":1,"bettingType":"ODDS","marketType":"MATCH_ODDS","marketTime":"2018-10-21T12:58:00.000Z","suspendTime":"2018-10-21T12:58:00.000Z","bspReconciled":false,"complete":true,"inPlay":true,"crossMatching":true,"runnersVoidable":false,"numberOfActiveRunners":2,"betDelay":5,"status":"OPEN","runners":[{"status":"ACTIVE","sortPriority":1,"id":5626817,"name":"Kyle Edmund"},{"status":"ACTIVE","sortPriority":2,"id":2257300,"name":"Gael Monfils"}],"regulators":["MR_INT"],"countryCode":"BE","discountAllowed":true,"timezone":"UTC","openDate":"2018-10-21T12:58:00.000Z","version":2468022847,"name":"Match Odds","eventName":"Edmund v Monfils"},"rc":[{"ltp":1.97,"id":5626817},{"ltp":2.0,"id":2257300}]}]}
{"op":"mcm","clk":"7782768685","pt":1540127688510,"mc":[{"id":"1.149918231","rc":[{"ltp":1.89,"id":5626817},{"ltp":2.16,"id":2257300}]}]}
{"op":"mcm","clk":"7782782550","pt":1540127748447,"mc":[{"id":"1.149918231","rc":[{"ltp":2.04,"id":5626817},{"ltp":1.98,"id":2257300}]}]}
{"op":"mcm","clk":"7782796011","pt":1540127808943,"mc":[{"id":"1.149918231","rc":[{"ltp":1.96,"id":2257300}]}]}
{"op":"mcm","clk":"7782821387","pt":1540127868889,"mc":[{"id":"1.149918231","rc":[{"ltp":2.52,"id":5626817},{"ltp":1.68,"id":2257300}]}]}
{"op":"mcm","clk":"7782833695","pt":1540127928831,"mc":[{"id":"1.149918231","rc":[{"ltp":2.9,"id":5626817},{"ltp":1.56,"id":2257300}]}]}
{"op":"mcm","clk":"7782846261","pt":1540127988961,"mc":[{"id":"1.149918231","rc":[{"ltp":3.05,"id":5626817},{"ltp":1.49,"id":2257300}]}]}
{"op":"mcm","clk":"7782860044","pt":1540128048898,"mc":[{"id":"1.149918231","rc":[{"ltp":3.15,"id":5626817},{"ltp":1.46,"id":2257300}]}]}
{"op":"mcm","clk":"7782873140","pt":1540128108398,"mc":[{"id":"1.149918231","rc":[{"ltp":3.25,"id":5626817},{"ltp":1.44,"id":2257300}]}]}
{"op":"mcm","clk":"7782884634","pt":1540128168787,"mc":[{"id":"1.149918231","rc":[{"ltp":3.3,"id":5626817},{"ltp":1.42,"id":2257300}]}]}
{"op":"mcm","clk":"7782896292","pt":1540128228801,"mc":[{"id":"1.149918231","rc":[{"ltp":3.15,"id":5626817},{"ltp":1.47,"id":2257300}]}]}
{"op":"mcm","clk":"7782907700","pt":1540128288555,"mc":[{"id":"1.149918231","rc":[{"ltp":3.05,"id":5626817},{"ltp":1.49,"id":2257300}]}]}
{"op":"mcm","clk":"7782918745","pt":1540128348938,"mc":[{"id":"1.149918231","rc":[{"ltp":3.0,"id":5626817},{"ltp":1.5,"id":2257300}]}]}
{"op":"mcm","clk":"7782929525","pt":1540128408752,"mc":[{"id":"1.149918231","rc":[{"ltp":3.25,"id":5626817},{"ltp":1.43,"id":2257300}]}]}
{"op":"mcm","clk":"7782941105","pt":1540128466510,"mc":[{"id":"1.149918231","rc":[{"ltp":3.45,"id":5626817},{"ltp":1.41,"id":2257300}]}]}
{"op":"mcm","clk":"7782952975","pt":1540128528913,"mc":[{"id":"1.149918231","rc":[{"ltp":3.4,"id":5626817}]}]}
{"op":"mcm","clk":"7782963741","pt":1540128588642,"mc":[{"id":"1.149918231","rc":[{"ltp":3.3,"id":5626817},{"ltp":1.43,"id":2257300}]}]}
{"op":"mcm","clk":"7782975433","pt":1540128648855,"mc":[{"id":"1.149918231","rc":[{"ltp":3.2,"id":5626817},{"ltp":1.46,"id":2257300}]}]}
{"op":"mcm","clk":"7782987514","pt":1540128706209,"mc":[{"id":"1.149918231","rc":[{"ltp":3.15,"id":5626817},{"ltp":1.43,"id":2257300}]}]}
{"op":"mcm","clk":"7783012773","pt":1540128768977,"mc":[{"id":"1.149918231","rc":[{"ltp":3.3,"id":5626817},{"ltp":1.44,"id":2257300}]}]}
{"op":"mcm","clk":"7783025109","pt":1540128828854,"mc":[{"id":"1.149918231","rc":[{"ltp":3.6,"id":5626817},{"ltp":1.4,"id":2257300}]}]}
{"op":"mcm","clk":"7783038082","pt":1540128889014,"mc":[{"id":"1.149918231","rc":[{"ltp":1.38,"id":2257300}]}]}
{"op":"mcm","clk":"7783050927","pt":1540128949020,"mc":[{"id":"1.149918231","rc":[{"ltp":3.55,"id":5626817},{"ltp":1.39,"id":2257300}]}]}
{"op":"mcm","clk":"7783078655","pt":1540129068475,"mc":[{"id":"1.149918231","rc":[{"ltp":3.6,"id":5626817},{"ltp":1.38,"id":2257300}]}]}
{"op":"mcm","clk":"7783092271","pt":1540129128502,"mc":[{"id":"1.149918231","rc":[{"ltp":3.85,"id":5626817},{"ltp":1.36,"id":2257300}]}]}
{"op":"mcm","clk":"7783105464","pt":1540129188821,"mc":[{"id":"1.149918231","rc":[{"ltp":3.95,"id":5626817},{"ltp":1.35,"id":2257300}]}]}
{"op":"mcm","clk":"7783119239","pt":1540129248887,"mc":[{"id":"1.149918231","rc":[{"ltp":3.6,"id":5626817},{"ltp":1.37,"id":2257300}]}]}
{"op":"mcm","clk":"7783132255","pt":1540129308564,"mc":[{"id":"1.149918231","rc":[{"ltp":3.25,"id":5626817},{"ltp":1.46,"id":2257300}]}]}
{"op":"mcm","clk":"7783145948","pt":1540129369016,"mc":[{"id":"1.149918231","rc":[{"ltp":3.75,"id":5626817},{"ltp":1.36,"id":2257300}]}]}
{"op":"mcm","clk":"7783159092","pt":1540129428384,"mc":[{"id":"1.149918231","rc":[{"ltp":3.45,"id":5626817},{"ltp":1.37,"id":2257300}]}]}
{"op":"mcm","clk":"7783172359","pt":1540129488721,"mc":[{"id":"1.149918231","rc":[{"ltp":1.35,"id":2257300}]}]}
{"op":"mcm","clk":"7783185154","pt":1540129548769,"mc":[{"id":"1.149918231","rc":[{"ltp":4.2,"id":5626817},{"ltp":1.32,"id":2257300}]}]}
{"op":"mcm","clk":"7783197039","pt":1540129608892,"mc":[{"id":"1.149918231","rc":[{"ltp":4.1,"id":5626817}]}]}
{"op":"mcm","clk":"7783221619","pt":1540129668772,"mc":[{"id":"1.149918231","rc":[{"ltp":3.9,"id":5626817},{"ltp":1.34,"id":2257300}]}]}
{"op":"mcm","clk":"7783234042","pt":1540129727855,"mc":[{"id":"1.149918231","rc":[{"ltp":4.1,"id":5626817},{"ltp":1.33,"id":2257300}]}]}
{"op":"mcm","clk":"7783246131","pt":1540129789023,"mc":[{"id":"1.149918231","rc":[{"ltp":3.7,"id":5626817},{"ltp":1.37,"id":2257300}]}]}
{"op":"mcm","clk":"7783259525","pt":1540129848973,"mc":[{"id":"1.149918231","rc":[{"ltp":3.85,"id":5626817},{"ltp":1.35,"id":2257300}]}]}
{"op":"mcm","clk":"7783284775","pt":1540129968532,"mc":[{"id":"1.149918231","rc":[{"ltp":4.0,"id":5626817},{"ltp":1.33,"id":2257300}]}]}
{"op":"mcm","clk":"7783309437","pt":1540130088701,"mc":[{"id":"1.149918231","rc":[{"ltp":4.1,"id":5626817},{"ltp":1.31,"id":2257300}]}]}
{"op":"mcm","clk":"7783320920","pt":1540130145625,"mc":[{"id":"1.149918231","rc":[{"ltp":3.65,"id":5626817},{"ltp":1.38,"id":2257300}]}]}
{"op":"mcm","clk":"7783333584","pt":1540130208832,"mc":[{"id":"1.149918231","rc":[{"ltp":3.6,"id":5626817},{"ltp":1.39,"id":2257300}]}]}
{"op":"mcm","clk":"7783345077","pt":1540130268437,"mc":[{"id":"1.149918231","rc":[{"ltp":3.55,"id":5626817}]}]}
{"op":"mcm","clk":"7783357033","pt":1540130328027,"mc":[{"id":"1.149918231","rc":[{"ltp":3.4,"id":5626817},{"ltp":1.41,"id":2257300}]}]}
{"op":"mcm","clk":"7783369806","pt":1540130388965,"mc":[{"id":"1.149918231","rc":[{"ltp":3.0,"id":5626817},{"ltp":1.53,"id":2257300}]}]}
{"op":"mcm","clk":"7783383320","pt":1540130449009,"mc":[{"id":"1.149918231","rc":[{"ltp":2.1,"id":5626817},{"ltp":1.89,"id":2257300}]}]}
{"op":"mcm","clk":"7783398396","pt":1540130508900,"mc":[{"id":"1.149918231","rc":[{"ltp":2.2,"id":5626817},{"ltp":1.84,"id":2257300}]}]}
{"op":"mcm","clk":"7783424968","pt":1540130568953,"mc":[{"id":"1.149918231","rc":[{"ltp":1.82,"id":2257300}]}]}
{"op":"mcm","clk":"7783439128","pt":1540130629006,"mc":[{"id":"1.149918231","rc":[{"ltp":2.28,"id":5626817},{"ltp":1.77,"id":2257300}]}]}
{"op":"mcm","clk":"7783453292","pt":1540130688768,"mc":[{"id":"1.149918231","rc":[{"ltp":2.12,"id":5626817},{"ltp":1.86,"id":2257300}]}]}
{"op":"mcm","clk":"7783468565","pt":1540130748993,"mc":[{"id":"1.149918231","rc":[{"ltp":2.1,"id":5626817},{"ltp":1.91,"id":2257300}]}]}
{"op":"mcm","clk":"7783483036","pt":1540130807207,"mc":[{"id":"1.149918231","rc":[{"ltp":2.12,"id":5626817},{"ltp":1.89,"id":2257300}]}]}
{"op":"mcm","clk":"7783498698","pt":1540130868781,"mc":[{"id":"1.149918231","rc":[{"ltp":2.2,"id":5626817},{"ltp":1.83,"id":2257300}]}]}
{"op":"mcm","clk":"7783513049","pt":1540130928975,"mc":[{"id":"1.149918231","rc":[{"ltp":2.1,"id":5626817},{"ltp":1.86,"id":2257300}]}]}
{"op":"mcm","clk":"7783527964","pt":1540130988804,"mc":[{"id":"1.149918231","rc":[{"ltp":2.16,"id":5626817}]}]}
{"op":"mcm","clk":"7783542861","pt":1540131048837,"mc":[{"id":"1.149918231","rc":[{"ltp":2.02,"id":5626817},{"ltp":1.96,"id":2257300}]}]}
{"op":"mcm","clk":"7783557981","pt":1540131108798,"mc":[{"id":"1.149918231","rc":[{"ltp":2.28,"id":5626817},{"ltp":1.79,"id":2257300}]}]}
{"op":"mcm","clk":"7783573517","pt":1540131168746,"mc":[{"id":"1.149918231","rc":[{"ltp":2.58,"id":5626817},{"ltp":1.64,"id":2257300}]}]}
{"op":"mcm","clk":"7783589017","pt":1540131228947,"mc":[{"id":"1.149918231","rc":[{"ltp":3.5,"id":5626817},{"ltp":1.4,"id":2257300}]}]}
{"op":"mcm","clk":"7783604572","pt":1540131289008,"mc":[{"id":"1.149918231","rc":[{"ltp":3.6,"id":5626817},{"ltp":1.39,"id":2257300}]}]}
{"op":"mcm","clk":"7783619952","pt":1540131348958,"mc":[{"id":"1.149918231","rc":[{"ltp":3.5,"id":5626817},{"ltp":1.34,"id":2257300}]}]}
{"op":"mcm","clk":"7783635488","pt":1540131408957,"mc":[{"id":"1.149918231","rc":[{"ltp":3.4,"id":5626817},{"ltp":1.51,"id":2257300}]}]}
{"op":"mcm","clk":"7783662916","pt":1540131468990,"mc":[{"id":"1.149918231","rc":[{"ltp":2.38,"id":5626817},{"ltp":1.75,"id":2257300}]}]}
{"op":"mcm","clk":"7783677844","pt":1540131528874,"mc":[{"id":"1.149918231","rc":[{"ltp":3.25,"id":5626817},{"ltp":1.42,"id":2257300}]}]}
{"op":"mcm","clk":"7783692403","pt":1540131588716,"mc":[{"id":"1.149918231","rc":[{"ltp":1.44,"id":2257300}]}]}
{"op":"mcm","clk":"7783706700","pt":1540131648811,"mc":[{"id":"1.149918231","rc":[{"ltp":3.3,"id":5626817}]}]}
{"op":"mcm","clk":"7783720920","pt":1540131708973,"mc":[{"id":"1.149918231","rc":[{"ltp":3.95,"id":5626817},{"ltp":1.34,"id":2257300}]}]}
{"op":"mcm","clk":"7783734509","pt":1540131768374,"mc":[{"id":"1.149918231","rc":[{"ltp":3.5,"id":5626817},{"ltp":1.4,"id":2257300}]}]}
{"op":"mcm","clk":"7783748524","pt":1540131828898,"mc":[{"id":"1.149918231","rc":[{"ltp":4.0,"id":5626817},{"ltp":1.34,"id":2257300}]}]}
{"op":"mcm","clk":"7783762251","pt":1540131888837,"mc":[{"id":"1.149918231","rc":[{"ltp":5.1,"id":5626817},{"ltp":1.23,"id":2257300}]}]}
{"op":"mcm","clk":"7783776417","pt":1540131948927,"mc":[{"id":"1.149918231","rc":[{"ltp":3.6,"id":5626817},{"ltp":1.39,"id":2257300}]}]}
{"op":"mcm","clk":"7783790885","pt":1540132008926,"mc":[{"id":"1.149918231","rc":[{"ltp":3.35,"id":5626817},{"ltp":1.43,"id":2257300}]}]}
{"op":"mcm","clk":"7783805325","pt":1540132068441,"mc":[{"id":"1.149918231","rc":[{"ltp":3.3,"id":5626817}]}]}
{"op":"mcm","clk":"7783819930","pt":1540132128833,"mc":[{"id":"1.149918231","rc":[{"ltp":4.2,"id":5626817},{"ltp":1.31,"id":2257300}]}]}
{"op":"mcm","clk":"7783834017","pt":1540132189006,"mc":[{"id":"1.149918231","rc":[{"ltp":1.34,"id":2257300}]}]}
{"op":"mcm","clk":"7783848443","pt":1540132248780,"mc":[{"id":"1.149918231","rc":[{"ltp":3.4,"id":5626817},{"ltp":1.41,"id":2257300}]}]}
{"op":"mcm","clk":"7783862966","pt":1540132308114,"mc":[{"id":"1.149918231","rc":[{"ltp":3.3,"id":5626817},{"ltp":1.42,"id":2257300}]}]}
{"op":"mcm","clk":"7783890819","pt":1540132368824,"mc":[{"id":"1.149918231","rc":[{"ltp":3.4,"id":5626817}]}]}
{"op":"mcm","clk":"7783906662","pt":1540132428720,"mc":[{"id":"1.149918231","rc":[{"ltp":3.85,"id":5626817},{"ltp":1.33,"id":2257300}]}]}
{"op":"mcm","clk":"7783921590","pt":1540132488921,"mc":[{"id":"1.149918231","rc":[{"ltp":3.5,"id":5626817},{"ltp":1.4,"id":2257300}]}]}
{"op":"mcm","clk":"7783937108","pt":1540132548875,"mc":[{"id":"1.149918231","rc":[{"ltp":2.78,"id":5626817},{"ltp":1.56,"id":2257300}]}]}
{"op":"mcm","clk":"7783953350","pt":1540132607850,"mc":[{"id":"1.149918231","rc":[{"ltp":2.58,"id":5626817},{"ltp":1.62,"id":2257300}]}]}
{"op":"mcm","clk":"7783970155","pt":1540132668740,"mc":[{"id":"1.149918231","rc":[{"ltp":2.02,"id":5626817},{"ltp":1.97,"id":2257300}]}]}
{"op":"mcm","clk":"7783986777","pt":1540132728803,"mc":[{"id":"1.149918231","rc":[{"ltp":2.08,"id":5626817},{"ltp":1.91,"id":2257300}]}]}
{"op":"mcm","clk":"7784003331","pt":1540132788817,"mc":[{"id":"1.149918231","rc":[{"ltp":1.96,"id":5626817},{"ltp":2.04,"id":2257300}]}]}
{"op":"mcm","clk":"7784035487","pt":1540132908769,"mc":[{"id":"1.149918231","rc":[{"ltp":1.95,"id":5626817},{"ltp":2.08,"id":2257300}]}]}
{"op":"mcm","clk":"7784050906","pt":1540132968979,"mc":[{"id":"1.149918231","rc":[{"ltp":1.94,"id":5626817},{"ltp":2.04,"id":2257300}]}]}
{"op":"mcm","clk":"7784081686","pt":1540133088971,"mc":[{"id":"1.149918231","rc":[{"ltp":1.96,"id":5626817}]}]}
{"op":"mcm","clk":"7784096385","pt":1540133148958,"mc":[{"id":"1.149918231","rc":[{"ltp":2.18,"id":5626817},{"ltp":1.83,"id":2257300}]}]}
{"op":"mcm","clk":"7784110729","pt":1540133208943,"mc":[{"id":"1.149918231","rc":[{"ltp":2.16,"id":5626817},{"ltp":1.86,"id":2257300}]}]}
{"op":"mcm","clk":"7784136751","pt":1540133268926,"mc":[{"id":"1.149918231","rc":[{"ltp":2.28,"id":5626817},{"ltp":1.92,"id":2257300}]}]}
{"op":"mcm","clk":"7784150530","pt":1540133328888,"mc":[{"id":"1.149918231","rc":[{"ltp":2.24,"id":5626817},{"ltp":1.81,"id":2257300}]}]}
{"op":"mcm","clk":"7784163552","pt":1540133388994,"mc":[{"id":"1.149918231","rc":[{"ltp":2.66,"id":5626817},{"ltp":1.57,"id":2257300}]}]}
{"op":"mcm","clk":"7784176057","pt":1540133448832,"mc":[{"id":"1.149918231","rc":[{"ltp":3.55,"id":5626817},{"ltp":1.39,"id":2257300}]}]}
{"op":"mcm","clk":"7784189090","pt":1540133509001,"mc":[{"id":"1.149918231","rc":[{"ltp":2.94,"id":5626817},{"ltp":1.57,"id":2257300}]}]}
{"op":"mcm","clk":"7784202294","pt":1540133568971,"mc":[{"id":"1.149918231","rc":[{"ltp":2.1,"id":5626817},{"ltp":1.92,"id":2257300}]}]}
{"op":"mcm","clk":"7784214933","pt":1540133628967,"mc":[{"id":"1.149918231","rc":[{"ltp":1.83,"id":5626817},{"ltp":2.2,"id":2257300}]}]}
{"op":"mcm","clk":"7784227117","pt":1540133688946,"mc":[{"id":"1.149918231","rc":[{"ltp":1.94,"id":5626817},{"ltp":2.06,"id":2257300}]}]}
{"op":"mcm","clk":"7784239421","pt":1540133748884,"mc":[{"id":"1.149918231","rc":[{"ltp":2.18,"id":5626817},{"ltp":1.85,"id":2257300}]}]}
{"op":"mcm","clk":"7784251626","pt":1540133808918,"mc":[{"id":"1.149918231","rc":[{"ltp":2.28,"id":5626817},{"ltp":1.78,"id":2257300}]}]}
{"op":"mcm","clk":"7784264031","pt":1540133868862,"mc":[{"id":"1.149918231","rc":[{"ltp":1.76,"id":2257300}]}]}
{"op":"mcm","clk":"7784276219","pt":1540133928611,"mc":[{"id":"1.149918231","rc":[{"ltp":2.14,"id":5626817},{"ltp":1.84,"id":2257300}]}]}
{"op":"mcm","clk":"7784288882","pt":1540133988643,"mc":[{"id":"1.149918231","rc":[{"ltp":2.0,"id":5626817},{"ltp":2.0,"id":2257300}]}]}
{"op":"mcm","clk":"7784302416","pt":1540134048955,"mc":[{"id":"1.149918231","rc":[{"ltp":1.8,"id":5626817},{"ltp":2.3,"id":2257300}]}]}
{"op":"mcm","clk":"7784316119","pt":1540134108973,"mc":[{"id":"1.149918231","rc":[{"ltp":2.18,"id":5626817},{"ltp":1.85,"id":2257300}]}]}
{"op":"mcm","clk":"7784341707","pt":1540134168975,"mc":[{"id":"1.149918231","rc":[{"ltp":2.28,"id":5626817},{"ltp":1.77,"id":2257300}]}]}
{"op":"mcm","clk":"7784354683","pt":1540134228262,"mc":[{"id":"1.149918231","rc":[{"ltp":2.3,"id":5626817},{"ltp":1.76,"id":2257300}]}]}
{"op":"mcm","clk":"7784368511","pt":1540134288756,"mc":[{"id":"1.149918231","rc":[{"ltp":1.8,"id":2257300}]}]}
{"op":"mcm","clk":"7784382238","pt":1540134349002,"mc":[{"id":"1.149918231","rc":[{"ltp":2.04,"id":5626817},{"ltp":1.95,"id":2257300}]}]}
{"op":"mcm","clk":"7784396362","pt":1540134408952,"mc":[{"id":"1.149918231","rc":[{"ltp":1.97,"id":5626817},{"ltp":2.04,"id":2257300}]}]}
{"op":"mcm","clk":"7784410724","pt":1540134468919,"mc":[{"id":"1.149918231","rc":[{"ltp":2.12,"id":5626817},{"ltp":1.85,"id":2257300}]}]}
{"op":"mcm","clk":"7784425736","pt":1540134528992,"mc":[{"id":"1.149918231","rc":[{"ltp":2.34,"id":5626817},{"ltp":1.77,"id":2257300}]}]}
{"op":"mcm","clk":"7784439952","pt":1540134588401,"mc":[{"id":"1.149918231","rc":[{"ltp":2.32,"id":5626817},{"ltp":1.75,"id":2257300}]}]}
{"op":"mcm","clk":"7784453938","pt":1540134648544,"mc":[{"id":"1.149918231","rc":[{"ltp":2.38,"id":5626817},{"ltp":1.72,"id":2257300}]}]}
{"op":"mcm","clk":"7784468027","pt":1540134708906,"mc":[{"id":"1.149918231","rc":[{"ltp":2.2,"id":5626817},{"ltp":1.83,"id":2257300}]}]}
{"op":"mcm","clk":"7784482027","pt":1540134768867,"mc":[{"id":"1.149918231","rc":[{"ltp":2.48,"id":5626817},{"ltp":1.78,"id":2257300}]}]}
{"op":"mcm","clk":"7784496382","pt":1540134828931,"mc":[{"id":"1.149918231","rc":[{"ltp":2.06,"id":5626817},{"ltp":1.94,"id":2257300}]}]}
{"op":"mcm","clk":"7784510402","pt":1540134888963,"mc":[{"id":"1.149918231","rc":[{"ltp":2.04,"id":5626817},{"ltp":1.97,"id":2257300}]}]}
{"op":"mcm","clk":"7784524651","pt":1540134948991,"mc":[{"id":"1.149918231","rc":[{"ltp":2.16,"id":5626817},{"ltp":1.87,"id":2257300}]}]}
{"op":"mcm","clk":"7784538533","pt":1540135008956,"mc":[{"id":"1.149918231","rc":[{"ltp":1.34,"id":5626817},{"ltp":4.1,"id":2257300}]}]}
{"op":"mcm","clk":"7784563568","pt":1540135068897,"mc":[{"id":"1.149918231","rc":[{"ltp":1.89,"id":5626817},{"ltp":2.1,"id":2257300}]}]}
{"op":"mcm","clk":"7784576048","pt":1540135128906,"mc":[{"id":"1.149918231","rc":[{"ltp":2.42,"id":5626817},{"ltp":1.7,"id":2257300}]}]}
{"op":"mcm","clk":"7784588446","pt":1540135188252,"mc":[{"id":"1.149918231","rc":[{"ltp":2.44,"id":5626817}]}]}
{"op":"mcm","clk":"7784601587","pt":1540135248764,"mc":[{"id":"1.149918231","rc":[{"ltp":2.5,"id":5626817},{"ltp":1.66,"id":2257300}]}]}
{"op":"mcm","clk":"7784615008","pt":1540135308857,"mc":[{"id":"1.149918231","rc":[{"ltp":2.56,"id":5626817},{"ltp":1.64,"id":2257300}]}]}
{"op":"mcm","clk":"7784628043","pt":1540135368978,"mc":[{"id":"1.149918231","rc":[{"ltp":2.28,"id":5626817},{"ltp":1.79,"id":2257300}]}]}
{"op":"mcm","clk":"7784641519","pt":1540135429004,"mc":[{"id":"1.149918231","rc":[{"ltp":2.2,"id":5626817},{"ltp":1.82,"id":2257300}]}]}
{"op":"mcm","clk":"7784654896","pt":1540135488852,"mc":[{"id":"1.149918231","rc":[{"ltp":2.22,"id":5626817},{"ltp":1.84,"id":2257300}]}]}
{"op":"mcm","clk":"7784667983","pt":1540135549011,"mc":[{"id":"1.149918231","rc":[{"ltp":2.56,"id":5626817},{"ltp":1.65,"id":2257300}]}]}
{"op":"mcm","clk":"7784680834","pt":1540135608983,"mc":[{"id":"1.149918231","rc":[{"ltp":2.54,"id":5626817},{"ltp":1.64,"id":2257300}]}]}
{"op":"mcm","clk":"7784693204","pt":1540135668369,"mc":[{"id":"1.149918231","rc":[{"ltp":2.56,"id":5626817}]}]}
{"op":"mcm","clk":"7784705628","pt":1540135728989,"mc":[{"id":"1.149918231","rc":[{"ltp":2.68,"id":5626817},{"ltp":1.6,"id":2257300}]}]}
{"op":"mcm","clk":"7784718336","pt":1540135788855,"mc":[{"id":"1.149918231","rc":[{"ltp":3.55,"id":5626817},{"ltp":1.38,"id":2257300}]}]}
{"op":"mcm","clk":"7784731444","pt":1540135848973,"mc":[{"id":"1.149918231","rc":[{"ltp":3.0,"id":5626817},{"ltp":1.49,"id":2257300}]}]}
{"op":"mcm","clk":"7784745122","pt":1540135908977,"mc":[{"id":"1.149918231","rc":[{"ltp":2.14,"id":5626817},{"ltp":1.88,"id":2257300}]}]}
{"op":"mcm","clk":"7784770332","pt":1540135968970,"mc":[{"id":"1.149918231","rc":[{"ltp":2.16,"id":5626817}]}]}
{"op":"mcm","clk":"7784783311","pt":1540136028986,"mc":[{"id":"1.149918231","rc":[{"ltp":1.8,"id":5626817},{"ltp":2.28,"id":2257300}]}]}
{"op":"mcm","clk":"7784796533","pt":1540136089009,"mc":[{"id":"1.149918231","rc":[{"ltp":1.5,"id":5626817},{"ltp":3.0,"id":2257300}]}]}
{"op":"mcm","clk":"7784810471","pt":1540136148741,"mc":[{"id":"1.149918231","rc":[{"ltp":2.18,"id":5626817},{"ltp":1.86,"id":2257300}]}]}
{"op":"mcm","clk":"7784823784","pt":1540136208701,"mc":[{"id":"1.149918231","rc":[{"ltp":1.57,"id":5626817},{"ltp":2.78,"id":2257300}]}]}
{"op":"mcm","clk":"7784837734","pt":1540136269006,"mc":[{"id":"1.149918231","rc":[{"ltp":1.26,"id":5626817},{"ltp":4.7,"id":2257300}]}]}
{"op":"mcm","clk":"7784851800","pt":1540136329025,"mc":[{"id":"1.149918231","rc":[{"ltp":1.5,"id":5626817},{"ltp":3.0,"id":2257300}]}]}
{"op":"mcm","clk":"7784864979","pt":1540136388972,"mc":[{"id":"1.149918231","rc":[{"ltp":1.17,"id":5626817},{"ltp":6.8,"id":2257300}]}]}
{"op":"mcm","clk":"7784877734","pt":1540136447646,"mc":[{"id":"1.149918231","marketDefinition":{"bspMarket":false,"turnInPlayEnabled":true,"persistenceEnabled":true,"marketBaseRate":5.0,"eventId":"28967217","eventTypeId":"2","numberOfWinners":1,"bettingType":"ODDS","marketType":"MATCH_ODDS","marketTime":"2018-10-21T12:58:00.000Z","suspendTime":"2018-10-21T12:58:00.000Z","bspReconciled":false,"complete":true,"inPlay":true,"crossMatching":true,"runnersVoidable":false,"numberOfActiveRunners":2,"betDelay":5,"status":"SUSPENDED","runners":[{"status":"ACTIVE","sortPriority":1,"id":5626817,"name":"Kyle Edmund"},{"status":"ACTIVE","sortPriority":2,"id":2257300,"name":"Gael Monfils"}],"regulators":["MR_INT"],"countryCode":"BE","discountAllowed":true,"timezone":"UTC","openDate":"2018-10-21T12:58:00.000Z","version":2468973108,"name":"Match Odds","eventName":"Edmund v Monfils"},"rc":[{"ltp":1.01,"id":5626817},{"ltp":100.0,"id":2257300}]}]}
{"op":"mcm","clk":"7784922115","pt":1540136660493,"mc":[{"id":"1.149918231","marketDefinition":{"bspMarket":false,"turnInPlayEnabled":true,"persistenceEnabled":true,"marketBaseRate":5.0,"eventId":"28967217","eventTypeId":"2","numberOfWinners":1,"bettingType":"ODDS","marketType":"MATCH_ODDS","marketTime":"2018-10-21T12:58:00.000Z","suspendTime":"2018-10-21T12:58:00.000Z","bspReconciled":false,"complete":true,"inPlay":true,"crossMatching":false,"runnersVoidable":false,"numberOfActiveRunners":0,"betDelay":5,"status":"CLOSED","settledTime":"2018-10-21T15:43:47.000Z","runners":[{"status":"WINNER","sortPriority":1,"id":5626817,"name":"Kyle Edmund"},{"status":"LOSER","sortPriority":2,"id":2257300,"name":"Gael Monfils"}],"regulators":["MR_INT"],"countryCode":"BE","discountAllowed":true,"timezone":"UTC","openDate":"2018-10-21T12:58:00.000Z","version":2468986255,"name":"Match Odds","eventName":"Edmund v Monfils"}}]}
