{"op":"mcm","clk":"7567597716","pt":1538723434079,"mc":[{"id":"1.149122165","marketDefinition":{"bspMarket":false,"turnInPlayEnabled":true,"persistenceEnabled":true,"marketBaseRate":5.0,"eventId":"28939675","eventTypeId":"2","numberOfWinners":1,"bettingType":"ODDS","marketType":"MATCH_ODDS","marketTime":"2018-10-06T05:00:00.000Z","suspendTime":"2018-10-06T05:00:00.000Z","bspReconciled":false,"complete":true,"inPlay":false,"crossMatching":true,"runnersVoidable":false,"numberOfActiveRunners":2,"betDelay":0,"status":"OPEN","runners":[{"status":"ACTIVE","sortPriority":1,"id":19924829,"name":"Denis Shapovalov"},{"status":"ACTIVE","sortPriority":2,"id":19924831,"name":"Daniil Medvedev"}],"regulators":["MR_INT"],"countryCode":"JP","discountAllowed":true,"timezone":"UTC","openDate":"2018-10-06T05:00:00.000Z","version":2437610564,"name":"Match Odds","eventName":"Shapovalov v Medvedev"}}]}
{"op":"mcm","clk":"7567767071","pt":1538725751191,"mc":[{"id":"1.149122165","rc":[{"ltp":1.89,"id":19924831},{"ltp":2.12,"id":19924829}]}]}
{"op":"mcm","clk":"7567825289","pt":1538726396867,"mc":[{"id":"1.149122165","rc":[{"ltp":1.93,"id":19924831}]}]}
{"op":"mcm","clk":"7567838185","pt":1538726558582,"mc":[{"id":"1.149122165","rc":[{"ltp":1.94,"id":19924831}]}]}
{"op":"mcm","clk":"7567842899","pt":1538726616151,"mc":[{"id":"1.149122165","rc":[{"ltp":2.0,"id":19924831}]}]}
{"op":"mcm","clk":"7568133288","pt":1538729595421,"mc":[{"id":"1.149122165","rc":[{"ltp":1.92,"id":19924831},{"ltp":2.08,"id":19924829}]}]}
{"op":"mcm","clk":"7568134796","pt":1538729622260,"mc":[{"id":"1.149122165","rc":[{"ltp":1.95,"id":19924831}]}]}
{"op":"mcm","clk":"7569182884","pt":1538739506423,"mc":[{"id":"1.149122165","rc":[{"ltp":1.92,"id":19924831}]}]}
{"op":"mcm","clk":"7569283796","pt":1538740375539,"mc":[{"id":"1.149122165","rc":[{"ltp":1.93,"id":19924831}]}]}
{"op":"mcm","clk":"7569317249","pt":1538740739411,"mc":[{"id":"1.149122165","rc":[{"ltp":1.92,"id":19924831},{"ltp":2.1,"id":19924829}]}]}
{"op":"mcm","clk":"7569416518","pt":1538741569451,"mc":[{"id":"1.149122165","rc":[{"ltp":1.91,"id":19924831}]}]}
{"op":"mcm","clk":"7570022726","pt":1538745800964,"mc":[{"id":"1.149122165","rc":[{"ltp":1.9,"id":19924831}]}]}
{"op":"mcm","clk":"7570098222","pt":1538746401214,"mc":[{"id":"1.149122165","rc":[{"ltp":1.93,"id":19924831}]}]}
{"op":"mcm","clk":"7570733075","pt":1538750354296,"mc":[{"id":"1.149122165","rc":[{"ltp":1.88,"id":19924831}]}]}
{"op":"mcm","clk":"7570809180","pt":1538750918296,"mc":[{"id":"1.149122165","rc":[{"ltp":1.85,"id":19924831},{"ltp":2.16,"id":19924829}]}]}
{"op":"mcm","clk":"7570978675","pt":1538752033653,"mc":[{"id":"1.149122165","rc":[{"ltp":1.84,"id":19924831}]}]}
{"op":"mcm","clk":"7571452050","pt":1538755082779,"mc":[{"id":"1.149122165","rc":[{"ltp":1.82,"id":19924831}]}]}
{"op":"mcm","clk":"7571473558","pt":1538755235474,"mc":[{"id":"1.149122165","rc":[{"ltp":1.84,"id":19924831}]}]}
{"op":"mcm","clk":"7571481528","pt":1538755298818,"mc":[{"id":"1.149122165","rc":[{"ltp":1.82,"id":19924831},{"ltp":2.22,"id":19924829}]}]}
{"op":"mcm","clk":"7571500997","pt":1538755436894,"mc":[{"id":"1.149122165","rc":[{"ltp":2.2,"id":19924829}]}]}
{"op":"mcm","clk":"7571561754","pt":1538755748176,"mc":[{"id":"1.149122165","rc":[{"ltp":1.84,"id":19924831}]}]}
{"op":"mcm","clk":"7571782992","pt":1538757099243,"mc":[{"id":"1.149122165","rc":[{"ltp":1.82,"id":19924831}]}]}
{"op":"mcm","clk":"7571832830","pt":1538757389407,"mc":[{"id":"1.149122165","rc":[{"ltp":1.81,"id":19924831}]}]}
{"op":"mcm","clk":"7572048255","pt":1538758577197,"mc":[{"id":"1.149122165","rc":[{"ltp":1.82,"id":19924831}]}]}
{"op":"mcm","clk":"7572070769","pt":1538758771250,"mc":[{"id":"1.149122165","rc":[{"ltp":1.84,"id":19924831},{"ltp":2.18,"id":19924829}]}]}
{"op":"mcm","clk":"7572115011","pt":1538759132471,"mc":[{"id":"1.149122165","rc":[{"ltp":1.82,"id":19924831}]}]}
{"op":"mcm","clk":"7572167746","pt":1538759385458,"mc":[{"id":"1.149122165","rc":[{"ltp":1.83,"id":19924831}]}]}
{"op":"mcm","clk":"7572258311","pt":1538760032977,"mc":[{"id":"1.149122165","rc":[{"ltp":2.2,"id":19924829}]}]}
{"op":"mcm","clk":"7572381402","pt":1538760743962,"mc":[{"id":"1.149122165","rc":[{"ltp":1.84,"id":19924831}]}]}
{"op":"mcm","clk":"7572416678","pt":1538760981710,"mc":[{"id":"1.149122165","rc":[{"ltp":2.18,"id":19924829}]}]}
{"op":"mcm","clk":"7572470533","pt":1538761233511,"mc":[{"id":"1.149122165","rc":[{"ltp":1.83,"id":19924831},{"ltp":2.2,"id":19924829}]}]}
{"op":"mcm","clk":"7572474791","pt":1538761260260,"mc":[{"id":"1.149122165","rc":[{"ltp":1.82,"id":19924831}]}]}
{"op":"mcm","clk":"7572482104","pt":1538761307502,"mc":[{"id":"1.149122165","rc":[{"ltp":1.83,"id":19924831}]}]}
{"op":"mcm","clk":"7573093673","pt":1538764359090,"mc":[{"id":"1.149122165","rc":[{"ltp":1.84,"id":19924831}]}]}
{"op":"mcm","clk":"7573189347","pt":1538764716666,"mc":[{"id":"1.149122165","rc":[{"ltp":1.85,"id":19924831},{"ltp":2.18,"id":19924829}]}]}
{"op":"mcm","clk":"7573213975","pt":1538764832170,"mc":[{"id":"1.149122165","rc":[{"ltp":1.86,"id":19924831}]}]}
{"op":"mcm","clk":"7573228533","pt":1538764898950,"mc":[{"id":"1.149122165","rc":[{"ltp":2.16,"id":19924829}]}]}
{"op":"mcm","clk":"7573382100","pt":1538765597504,"mc":[{"id":"1.149122165","rc":[{"ltp":1.84,"id":19924831},{"ltp":2.2,"id":19924829}]}]}
{"op":"mcm","clk":"7573437642","pt":1538765914858,"mc":[{"id":"1.149122165","rc":[{"ltp":1.85,"id":19924831},{"ltp":2.18,"id":19924829}]}]}
{"op":"mcm","clk":"7573500752","pt":1538766244061,"mc":[{"id":"1.149122165","rc":[{"ltp":2.2,"id":19924829}]}]}
{"op":"mcm","clk":"7573586440","pt":1538766575426,"mc":[{"id":"1.149122165","rc":[{"ltp":1.83,"id":19924831}]}]}
{"op":"mcm","clk":"7573699694","pt":1538767134598,"mc":[{"id":"1.149122165","rc":[{"ltp":1.84,"id":19924831}]}]}
{"op":"mcm","clk":"7573813845","pt":1538767627924,"mc":[{"id":"1.149122165","rc":[{"ltp":2.18,"id":19924829}]}]}
{"op":"mcm","clk":"7573889128","pt":1538768018768,"mc":[{"id":"1.149122165","rc":[{"ltp":2.16,"id":19924829}]}]}
{"op":"mcm","clk":"7573952476","pt":1538768239792,"mc":[{"id":"1.149122165","rc":[{"ltp":1.85,"id":19924831}]}]}
{"op":"mcm","clk":"7574133711","pt":1538769155385,"mc":[{"id":"1.149122165","rc":[{"ltp":1.83,"id":19924831}]}]}
{"op":"mcm","clk":"7574283757","pt":1538770103629,"mc":[{"id":"1.149122165","rc":[{"ltp":1.86,"id":19924831}]}]}
{"op":"mcm","clk":"7574353471","pt":1538770630083,"mc":[{"id":"1.149122165","rc":[{"ltp":1.87,"id":19924831}]}]}
{"op":"mcm","clk":"7574457552","pt":1538771402552,"mc":[{"id":"1.149122165","rc":[{"ltp":1.85,"id":19924831}]}]}
{"op":"mcm","clk":"7574464897","pt":1538771472450,"mc":[{"id":"1.149122165","rc":[{"ltp":1.84,"id":19924831}]}]}
{"op":"mcm","clk":"7574470904","pt":1538771536024,"mc":[{"id":"1.149122165","rc":[{"ltp":1.85,"id":19924831}]}]}
{"op":"mcm","clk":"7574478559","pt":1538771617504,"mc":[{"id":"1.149122165","rc":[{"ltp":2.2,"id":19924829}]}]}
{"op":"mcm","clk":"7574494911","pt":1538771777175,"mc":[{"id":"1.149122165","rc":[{"ltp":1.84,"id":19924831}]}]}
{"op":"mcm","clk":"7574571910","pt":1538772442478,"mc":[{"id":"1.149122165","rc":[{"ltp":1.89,"id":19924831},{"ltp":2.14,"id":19924829}]}]}
{"op":"mcm","clk":"7574614193","pt":1538772749126,"mc":[{"id":"1.149122165","rc":[{"ltp":1.91,"id":19924831},{"ltp":2.1,"id":19924829}]}]}
{"op":"mcm","clk":"7574632294","pt":1538772995721,"mc":[{"id":"1.149122165","rc":[{"ltp":1.93,"id":19924831}]}]}
{"op":"mcm","clk":"7574634140","pt":1538773022012,"mc":[{"id":"1.149122165","rc":[{"ltp":1.92,"id":19924831}]}]}
{"op":"mcm","clk":"7574642490","pt":1538773118880,"mc":[{"id":"1.149122165","rc":[{"ltp":1.93,"id":19924831},{"ltp":2.08,"id":19924829}]}]}
{"op":"mcm","clk":"7574646541","pt":1538773170816,"mc":[{"id":"1.149122165","rc":[{"ltp":1.91,"id":19924831}]}]}
{"op":"mcm","clk":"7574651419","pt":1538773238118,"mc":[{"id":"1.149122165","rc":[{"ltp":1.92,"id":19924831}]}]}
{"op":"mcm","clk":"7574666382","pt":1538773418581,"mc":[{"id":"1.149122165","rc":[{"ltp":1.88,"id":19924831},{"ltp":2.14,"id":19924829}]}]}
{"op":"mcm","clk":"7574669620","pt":1538773463558,"mc":[{"id":"1.149122165","rc":[{"ltp":1.84,"id":19924831},{"ltp":2.18,"id":19924829}]}]}
{"op":"mcm","clk":"7574679019","pt":1538773598689,"mc":[{"id":"1.149122165","rc":[{"ltp":1.82,"id":19924831},{"ltp":2.2,"id":19924829}]}]}
{"op":"mcm","clk":"7574699583","pt":1538773646136,"mc":[{"id":"1.149122165","rc":[{"ltp":1.81,"id":19924831}]}]}
{"op":"mcm","clk":"7574712851","pt":1538773835153,"mc":[{"id":"1.149122165","rc":[{"ltp":1.85,"id":19924831}]}]}
{"op":"mcm","clk":"7574918146","pt":1538776121059,"mc":[{"id":"1.149122165","rc":[{"ltp":1.83,"id":19924831}]}]}
{"op":"mcm","clk":"7574960584","pt":1538776496041,"mc":[{"id":"1.149122165","rc":[{"ltp":1.85,"id":19924831}]}]}
{"op":"mcm","clk":"7574979329","pt":1538776752147,"mc":[{"id":"1.149122165","rc":[{"ltp":1.82,"id":19924831}]}]}
{"op":"mcm","clk":"7575031933","pt":1538777238883,"mc":[{"id":"1.149122165","rc":[{"ltp":2.18,"id":19924829}]}]}
{"op":"mcm","clk":"7575052003","pt":1538777536436,"mc":[{"id":"1.149122165","rc":[{"ltp":1.85,"id":19924831}]}]}
{"op":"mcm","clk":"7575115815","pt":1538778156880,"mc":[{"id":"1.149122165","rc":[{"ltp":2.2,"id":19924829}]}]}
{"op":"mcm","clk":"7575229283","pt":1538779437294,"mc":[{"id":"1.149122165","rc":[{"ltp":1.83,"id":19924831}]}]}
{"op":"mcm","clk":"7575247261","pt":1538779689303,"mc":[{"id":"1.149122165","rc":[{"ltp":1.84,"id":19924831}]}]}
{"op":"mcm","clk":"7575253117","pt":1538779776815,"mc":[{"id":"1.149122165","rc":[{"ltp":1.83,"id":19924831}]}]}
{"op":"mcm","clk":"7575316694","pt":1538780420674,"mc":[{"id":"1.149122165","rc":[{"ltp":1.82,"id":19924831}]}]}
{"op":"mcm","clk":"7575337187","pt":1538780677944,"mc":[{"id":"1.149122165","rc":[{"ltp":1.83,"id":19924831}]}]}
{"op":"mcm","clk":"7575379225","pt":1538781033901,"mc":[{"id":"1.149122165","rc":[{"ltp":1.84,"id":19924831}]}]}
{"op":"mcm","clk":"7575406889","pt":1538781358874,"mc":[{"id":"1.149122165","rc":[{"ltp":1.83,"id":19924831}]}]}
{"op":"mcm","clk":"7575414679","pt":1538781452179,"mc":[{"id":"1.149122165","rc":[{"ltp":1.84,"id":19924831}]}]}
{"op":"mcm","clk":"7575460368","pt":1538781799545,"mc":[{"id":"1.149122165","rc":[{"ltp":1.83,"id":19924831}]}]}
{"op":"mcm","clk":"7575470225","pt":1538781929754,"mc":[{"id":"1.149122165","rc":[{"ltp":1.84,"id":19924831}]}]}
{"op":"mcm","clk":"7575484407","pt":1538782103686,"mc":[{"id":"1.149122165","rc":[{"ltp":1.83,"id":19924831}]}]}
{"op":"mcm","clk":"7575486968","pt":1538782137037,"mc":[{"id":"1.149122165","rc":[{"ltp":1.84,"id":19924831}]}]}
{"op":"mcm","clk":"7575571304","pt":1538783002508,"mc":[{"id":"1.149122165","rc":[{"ltp":1.83,"id":19924831}]}]}
{"op":"mcm","clk":"7575575086","pt":1538783051281,"mc":[{"id":"1.149122165","rc":[{"ltp":2.18,"id":19924829}]}]}
{"op":"mcm","clk":"7575665103","pt":1538784033211,"mc":[{"id":"1.149122165","rc":[{"ltp":1.84,"id":19924831}]}]}
{"op":"mcm","clk":"7575807638","pt":1538785537123,"mc":[{"id":"1.149122165","rc":[{"ltp":2.2,"id":19924829}]}]}
{"op":"mcm","clk":"7575828209","pt":1538785830592,"mc":[{"id":"1.149122165","rc":[{"ltp":2.18,"id":19924829}]}]}
{"op":"mcm","clk":"7575846631","pt":1538786055462,"mc":[{"id":"1.149122165","rc":[{"ltp":1.83,"id":19924831}]}]}
{"op":"mcm","clk":"7575896535","pt":1538786431898,"mc":[{"id":"1.149122165","rc":[{"ltp":1.84,"id":19924831}]}]}
{"op":"mcm","clk":"7575903734","pt":1538786497612,"mc":[{"id":"1.149122165","rc":[{"ltp":1.83,"id":19924831}]}]}
{"op":"mcm","clk":"7575912864","pt":1538786592056,"mc":[{"id":"1.149122165","rc":[{"ltp":1.82,"id":19924831},{"ltp":2.22,"id":19924829}]}]}
{"op":"mcm","clk":"7575921203","pt":1538786684124,"mc":[{"id":"1.149122165","rc":[{"ltp":1.84,"id":19924831}]}]}
{"op":"mcm","clk":"7576005087","pt":1538787457037,"mc":[{"id":"1.149122165","rc":[{"ltp":1.82,"id":19924831}]}]}
{"op":"mcm","clk":"7576039362","pt":1538787842769,"mc":[{"id":"1.149122165","rc":[{"ltp":1.81,"id":19924831}]}]}
{"op":"mcm","clk":"7576047985","pt":1538787931430,"mc":[{"id":"1.149122165","rc":[{"ltp":1.82,"id":19924831},{"ltp":2.2,"id":19924829}]}]}
{"op":"mcm","clk":"7576080779","pt":1538788103343,"mc":[{"id":"1.149122165","rc":[{"ltp":1.81,"id":19924831}]}]}
{"op":"mcm","clk":"7576087079","pt":1538788174454,"mc":[{"id":"1.149122165","rc":[{"ltp":1.83,"id":19924831}]}]}
{"op":"mcm","clk":"7576172878","pt":1538788941063,"mc":[{"id":"1.149122165","rc":[{"ltp":1.86,"id":19924831}]}]}
{"op":"mcm","clk":"7576191036","pt":1538789158344,"mc":[{"id":"1.149122165","rc":[{"ltp":2.16,"id":19924829}]}]}
{"op":"mcm","clk":"7576194695","pt":1538789203085,"mc":[{"id":"1.149122165","rc":[{"ltp":1.87,"id":19924831}]}]}
{"op":"mcm","clk":"7576210071","pt":1538789391103,"mc":[{"id":"1.149122165","rc":[{"ltp":1.86,"id":19924831}]}]}
{"op":"mcm","clk":"7576216996","pt":1538789476518,"mc":[{"id":"1.149122165","rc":[{"ltp":2.18,"id":19924829}]}]}
{"op":"mcm","clk":"7576219673","pt":1538789509222,"mc":[{"id":"1.149122165","rc":[{"ltp":1.85,"id":19924831}]}]}
{"op":"mcm","clk":"7576327654","pt":1538790691561,"mc":[{"id":"1.149122165","rc":[{"ltp":2.16,"id":19924829}]}]}
{"op":"mcm","clk":"7576409067","pt":1538791562560,"mc":[{"id":"1.149122165","rc":[{"ltp":1.86,"id":19924831}]}]}
{"op":"mcm","clk":"7576532432","pt":1538792637384,"mc":[{"id":"1.149122165","rc":[{"ltp":2.14,"id":19924829}]}]}
{"op":"mcm","clk":"7576581887","pt":1538793239984,"mc":[{"id":"1.149122165","rc":[{"ltp":1.87,"id":19924831}]}]}
{"op":"mcm","clk":"7576592401","pt":1538793373890,"mc":[{"id":"1.149122165","rc":[{"ltp":2.16,"id":19924829}]}]}
{"op":"mcm","clk":"7576624698","pt":1538793579048,"mc":[{"id":"1.149122165","rc":[{"ltp":2.14,"id":19924829}]}]}
{"op":"mcm","clk":"7576666474","pt":1538794166559,"mc":[{"id":"1.149122165","rc":[{"ltp":2.16,"id":19924829}]}]}
{"op":"mcm","clk":"7576737790","pt":1538795067554,"mc":[{"id":"1.149122165","rc":[{"ltp":1.89,"id":19924831},{"ltp":2.14,"id":19924829}]}]}
{"op":"mcm","clk":"7576741494","pt":1538795133530,"mc":[{"id":"1.149122165","rc":[{"ltp":1.87,"id":19924831},{"ltp":2.16,"id":19924829}]}]}
{"op":"mcm","clk":"7576744492","pt":1538795188810,"mc":[{"id":"1.149122165","rc":[{"ltp":1.86,"id":19924831}]}]}
{"op":"mcm","clk":"7576790410","pt":1538795653670,"mc":[{"id":"1.149122165","rc":[{"ltp":1.87,"id":19924831}]}]}
{"op":"mcm","clk":"7576793751","pt":1538795707409,"mc":[{"id":"1.149122165","rc":[{"ltp":2.14,"id":19924829}]}]}
{"op":"mcm","clk":"7576803078","pt":1538795843484,"mc":[{"id":"1.149122165","rc":[{"ltp":1.86,"id":19924831}]}]}
{"op":"mcm","clk":"7576857959","pt":1538796450311,"mc":[{"id":"1.149122165","rc":[{"ltp":1.87,"id":19924831}]}]}
{"op":"mcm","clk":"7576865705","pt":1538796552510,"mc":[{"id":"1.149122165","rc":[{"ltp":1.86,"id":19924831}]}]}
{"op":"mcm","clk":"7576893621","pt":1538796931992,"mc":[{"id":"1.149122165","rc":[{"ltp":2.16,"id":19924829}]}]}
{"op":"mcm","clk":"7576926857","pt":1538797187573,"mc":[{"id":"1.149122165","rc":[{"ltp":2.14,"id":19924829}]}]}
{"op":"mcm","clk":"7576941424","pt":1538797418485,"mc":[{"id":"1.149122165","rc":[{"ltp":1.85,"id":19924831},{"ltp":2.18,"id":19924829}]}]}
{"op":"mcm","clk":"7576944831","pt":1538797475245,"mc":[{"id":"1.149122165","rc":[{"ltp":1.86,"id":19924831},{"ltp":2.16,"id":19924829}]}]}
{"op":"mcm","clk":"7576947764","pt":1538797528899,"mc":[{"id":"1.149122165","rc":[{"ltp":1.85,"id":19924831},{"ltp":2.18,"id":19924829}]}]}
{"op":"mcm","clk":"7576999147","pt":1538798073818,"mc":[{"id":"1.149122165","rc":[{"ltp":1.86,"id":19924831}]}]}
{"op":"mcm","clk":"7577009193","pt":1538798231442,"mc":[{"id":"1.149122165","rc":[{"ltp":1.85,"id":19924831}]}]}
{"op":"mcm","clk":"7577013452","pt":1538798305133,"mc":[{"id":"1.149122165","rc":[{"ltp":2.16,"id":19924829}]}]}
{"op":"mcm","clk":"7577016631","pt":1538798364207,"mc":[{"id":"1.149122165","rc":[{"ltp":2.18,"id":19924829}]}]}
{"op":"mcm","clk":"7577022487","pt":1538798432226,"mc":[{"id":"1.149122165","rc":[{"ltp":1.84,"id":19924831},{"ltp":2.16,"id":19924829}]}]}
{"op":"mcm","clk":"7577024298","pt":1538798453107,"mc":[{"id":"1.149122165","rc":[{"ltp":1.85,"id":19924831}]}]}
{"op":"mcm","clk":"7577043607","pt":1538798658358,"mc":[{"id":"1.149122165","rc":[{"ltp":1.84,"id":19924831}]}]}
{"op":"mcm","clk":"7577096100","pt":1538799108645,"mc":[{"id":"1.149122165","rc":[{"ltp":1.85,"id":19924831}]}]}
{"op":"mcm","clk":"7577103513","pt":1538799218079,"mc":[{"id":"1.149122165","rc":[{"ltp":2.18,"id":19924829}]}]}
{"op":"mcm","clk":"7577108363","pt":1538799276734,"mc":[{"id":"1.149122165","rc":[{"ltp":1.87,"id":19924831},{"ltp":2.14,"id":19924829}]}]}
{"op":"mcm","clk":"7577117278","pt":1538799398214,"mc":[{"id":"1.149122165","rc":[{"ltp":1.86,"id":19924831}]}]}
{"op":"mcm","clk":"7577125380","pt":1538799517262,"mc":[{"id":"1.149122165","rc":[{"ltp":2.16,"id":19924829}]}]}
{"op":"mcm","clk":"7577129180","pt":1538799570409,"mc":[{"id":"1.149122165","rc":[{"ltp":2.14,"id":19924829}]}]}
{"op":"mcm","clk":"7577132884","pt":1538799638530,"mc":[{"id":"1.149122165","rc":[{"ltp":1.88,"id":19924831},{"ltp":2.16,"id":19924829}]}]}
{"op":"mcm","clk":"7577162243","pt":1538799819234,"mc":[{"id":"1.149122165","rc":[{"ltp":1.85,"id":19924831}]}]}
{"op":"mcm","clk":"7577174328","pt":1538799991723,"mc":[{"id":"1.149122165","rc":[{"ltp":2.18,"id":19924829}]}]}
{"op":"mcm","clk":"7577178346","pt":1538800054490,"mc":[{"id":"1.149122165","rc":[{"ltp":1.84,"id":19924831}]}]}
{"op":"mcm","clk":"7577185477","pt":1538800171958,"mc":[{"id":"1.149122165","rc":[{"ltp":1.86,"id":19924831}]}]}
{"op":"mcm","clk":"7577194120","pt":1538800293005,"mc":[{"id":"1.149122165","rc":[{"ltp":1.84,"id":19924831}]}]}
{"op":"mcm","clk":"7577198445","pt":1538800355601,"mc":[{"id":"1.149122165","rc":[{"ltp":1.85,"id":19924831}]}]}
{"op":"mcm","clk":"7577208707","pt":1538800477428,"mc":[{"id":"1.149122165","rc":[{"ltp":2.2,"id":19924829}]}]}
{"op":"mcm","clk":"7577218707","pt":1538800597090,"mc":[{"id":"1.149122165","rc":[{"ltp":2.18,"id":19924829}]}]}
{"op":"mcm","clk":"7577240479","pt":1538800657120,"mc":[{"id":"1.149122165","rc":[{"ltp":2.16,"id":19924829}]}]}
{"op":"mcm","clk":"7577244837","pt":1538800719209,"mc":[{"id":"1.149122165","rc":[{"ltp":1.83,"id":19924831},{"ltp":2.18,"id":19924829}]}]}
{"op":"mcm","clk":"7577249341","pt":1538800778811,"mc":[{"id":"1.149122165","rc":[{"ltp":1.85,"id":19924831}]}]}
{"op":"mcm","clk":"7577253504","pt":1538800838778,"mc":[{"id":"1.149122165","rc":[{"ltp":1.86,"id":19924831}]}]}
{"op":"mcm","clk":"7577259033","pt":1538800898619,"mc":[{"id":"1.149122165","rc":[{"ltp":1.85,"id":19924831},{"ltp":2.16,"id":19924829}]}]}
{"op":"mcm","clk":"7577272290","pt":1538801072767,"mc":[{"id":"1.149122165","rc":[{"ltp":1.87,"id":19924831}]}]}
{"op":"mcm","clk":"7577276995","pt":1538801134851,"mc":[{"id":"1.149122165","rc":[{"ltp":1.85,"id":19924831}]}]}
{"op":"mcm","clk":"7577285316","pt":1538801257825,"mc":[{"id":"1.149122165","rc":[{"ltp":1.86,"id":19924831}]}]}
{"op":"mcm","clk":"7577289628","pt":1538801319233,"mc":[{"id":"1.149122165","rc":[{"ltp":1.84,"id":19924831},{"ltp":2.18,"id":19924829}]}]}
{"op":"mcm","clk":"7577293433","pt":1538801372812,"mc":[{"id":"1.149122165","marketDefinition":{"bspMarket":false,"turnInPlayEnabled":true,"persistenceEnabled":true,"marketBaseRate":5.0,"eventId":"28939675","eventTypeId":"2","numberOfWinners":1,"bettingType":"ODDS","marketType":"MATCH_ODDS","marketTime":"2018-10-06T04:48:00.000Z","suspendTime":"2018-10-06T04:48:00.000Z","bspReconciled":false,"complete":true,"inPlay":false,"crossMatching":true,"runnersVoidable":false,"numberOfActiveRunners":2,"betDelay":0,"status":"OPEN","runners":[{"status":"ACTIVE","sortPriority":1,"id":19924829,"name":"Denis Shapovalov"},{"status":"ACTIVE","sortPriority":2,"id":19924831,"name":"Daniil Medvedev"}],"regulators":["MR_INT"],"countryCode":"JP","discountAllowed":true,"timezone":"UTC","openDate":"2018-10-06T04:48:00.000Z","version":2439343716,"name":"Match Odds","eventName":"Shapovalov v Medvedev"}}]}
{"op":"mcm","clk":"7577300058","pt":1538801438238,"mc":[{"id":"1.149122165","rc":[{"ltp":1.86,"id":19924831}]}]}
{"op":"mcm","clk":"7577306243","pt":1538801498335,"mc":[{"id":"1.149122165","rc":[{"ltp":1.84,"id":19924831},{"ltp":2.16,"id":19924829}]}]}
{"op":"mcm","clk":"7577327573","pt":1538801559146,"mc":[{"id":"1.149122165","rc":[{"ltp":1.85,"id":19924831}]}]}
{"op":"mcm","clk":"7577331464","pt":1538801618701,"mc":[{"id":"1.149122165","rc":[{"ltp":1.86,"id":19924831}]}]}
{"op":"mcm","clk":"7577339305","pt":1538801736754,"mc":[{"id":"1.149122165","rc":[{"ltp":1.84,"id":19924831}]}]}
{"op":"mcm","clk":"7577345782","pt":1538801838396,"mc":[{"id":"1.149122165","rc":[{"ltp":1.85,"id":19924831},{"ltp":2.18,"id":19924829}]}]}
{"op":"mcm","clk":"7577351092","pt":1538801919242,"mc":[{"id":"1.149122165","rc":[{"ltp":2.16,"id":19924829}]}]}
{"op":"mcm","clk":"7577355688","pt":1538801976179,"mc":[{"id":"1.149122165","rc":[{"ltp":2.18,"id":19924829}]}]}
{"op":"mcm","clk":"7577365210","pt":1538802098348,"mc":[{"id":"1.149122165","rc":[{"ltp":2.16,"id":19924829}]}]}
{"op":"mcm","clk":"7577368724","pt":1538802153818,"mc":[{"id":"1.149122165","rc":[{"ltp":1.84,"id":19924831}]}]}
{"op":"mcm","clk":"7577372386","pt":1538802216668,"mc":[{"id":"1.149122165","rc":[{"ltp":1.83,"id":19924831},{"ltp":2.2,"id":19924829}]}]}
{"op":"mcm","clk":"7577376030","pt":1538802276060,"mc":[{"id":"1.149122165","rc":[{"ltp":1.85,"id":19924831}]}]}
{"op":"mcm","clk":"7577379656","pt":1538802336055,"mc":[{"id":"1.149122165","rc":[{"ltp":2.18,"id":19924829}]}]}
{"op":"mcm","clk":"7577383261","pt":1538802398841,"mc":[{"id":"1.149122165","rc":[{"ltp":1.91,"id":19924831},{"ltp":2.12,"id":19924829}]}]}
{"op":"mcm","clk":"7577403106","pt":1538802451405,"mc":[{"id":"1.149122165","rc":[{"ltp":2.1,"id":19924829}]}]}
{"op":"mcm","clk":"7577406686","pt":1538802517434,"mc":[{"id":"1.149122165","rc":[{"ltp":1.92,"id":19924831},{"ltp":2.08,"id":19924829}]}]}
{"op":"mcm","clk":"7577410049","pt":1538802576202,"mc":[{"id":"1.149122165","rc":[{"ltp":1.99,"id":19924831},{"ltp":2.02,"id":19924829}]}]}
{"op":"mcm","clk":"7577413716","pt":1538802638006,"mc":[{"id":"1.149122165","rc":[{"ltp":2.02,"id":19924831},{"ltp":1.98,"id":19924829}]}]}
{"op":"mcm","clk":"7577417538","pt":1538802698075,"mc":[{"id":"1.149122165","rc":[{"ltp":1.99,"id":19924829}]}]}
{"op":"mcm","clk":"7577421294","pt":1538802759084,"mc":[{"id":"1.149122165","marketDefinition":{"bspMarket":false,"turnInPlayEnabled":true,"persistenceEnabled":true,"marketBaseRate":5.0,"eventId":"28939675","eventTypeId":"2","numberOfWinners":1,"bettingType":"ODDS","marketType":"MATCH_ODDS","marketTime":"2018-10-06T04:48:00.000Z","suspendTime":"2018-10-06T04:48:00.000Z","bspReconciled":false,"complete":true,"inPlay":true,"crossMatching":true,"runnersVoidable":false,"numberOfActiveRunners":2,"betDelay":5,"status":"OPEN","runners":[{"status":"ACTIVE","sortPriority":1,"id":19924829,"name":"Denis Shapovalov"},{"status":"ACTIVE","sortPriority":2,"id":19924831,"name":"Daniil Medvedev"}],"regulators":["MR_INT"],"countryCode":"JP","discountAllowed":true,"timezone":"UTC","openDate":"2018-10-06T04:48:00.000Z","version":2439377220,"name":"Match Odds","eventName":"Shapovalov v Medvedev"},"rc":[{"ltp":1.91,"id":19924831},{"ltp":2.06,"id":19924829}]}]}
{"op":"mcm","clk":"7577424901","pt":1538802818955,"mc":[{"id":"1.149122165","rc":[{"ltp":2.04,"id":19924831},{"ltp":1.95,"id":19924829}]}]}
{"op":"mcm","clk":"7577428964","pt":1538802879142,"mc":[{"id":"1.149122165","rc":[{"ltp":1.97,"id":19924831},{"ltp":2.02,"id":19924829}]}]}
{"op":"mcm","clk":"7577433889","pt":1538802939142,"mc":[{"id":"1.149122165","rc":[{"ltp":2.04,"id":19924831},{"ltp":1.94,"id":19924829}]}]}
{"op":"mcm","clk":"7577439065","pt":1538802999206,"mc":[{"id":"1.149122165","rc":[{"ltp":2.1,"id":19924831},{"ltp":1.91,"id":19924829}]}]}
{"op":"mcm","clk":"7577443793","pt":1538803059184,"mc":[{"id":"1.149122165","rc":[{"ltp":2.12,"id":19924831},{"ltp":1.87,"id":19924829}]}]}
{"op":"mcm","clk":"7577448042","pt":1538803119245,"mc":[{"id":"1.149122165","rc":[{"ltp":1.97,"id":19924831},{"ltp":2.04,"id":19924829}]}]}
{"op":"mcm","clk":"7577453053","pt":1538803179247,"mc":[{"id":"1.149122165","rc":[{"ltp":1.86,"id":19924831},{"ltp":2.14,"id":19924829}]}]}
{"op":"mcm","clk":"7577459480","pt":1538803239242,"mc":[{"id":"1.149122165","rc":[{"ltp":1.54,"id":19924831},{"ltp":2.84,"id":19924829}]}]}
{"op":"mcm","clk":"7577464312","pt":1538803299215,"mc":[{"id":"1.149122165","rc":[{"ltp":1.45,"id":19924831},{"ltp":3.2,"id":19924829}]}]}
{"op":"mcm","clk":"7577485566","pt":1538803358978,"mc":[{"id":"1.149122165","rc":[{"ltp":1.47,"id":19924831},{"ltp":3.15,"id":19924829}]}]}
{"op":"mcm","clk":"7577489575","pt":1538803419166,"mc":[{"id":"1.149122165","rc":[{"ltp":1.45,"id":19924831},{"ltp":3.2,"id":19924829}]}]}
{"op":"mcm","clk":"7577493816","pt":1538803478036,"mc":[{"id":"1.149122165","rc":[{"ltp":1.46,"id":19924831},{"ltp":3.4,"id":19924829}]}]}
{"op":"mcm","clk":"7577498099","pt":1538803539185,"mc":[{"id":"1.149122165","rc":[{"ltp":1.44,"id":19924831},{"ltp":3.25,"id":19924829}]}]}
{"op":"mcm","clk":"7577501899","pt":1538803599078,"mc":[{"id":"1.149122165","rc":[{"ltp":1.47,"id":19924831},{"ltp":3.15,"id":19924829}]}]}
{"op":"mcm","clk":"7577505709","pt":1538803659141,"mc":[{"id":"1.149122165","rc":[{"ltp":1.5,"id":19924831},{"ltp":3.0,"id":19924829}]}]}
{"op":"mcm","clk":"7577509377","pt":1538803719050,"mc":[{"id":"1.149122165","rc":[{"ltp":2.98,"id":19924829}]}]}
{"op":"mcm","clk":"7577512929","pt":1538803779128,"mc":[{"id":"1.149122165","rc":[{"ltp":1.59,"id":19924831},{"ltp":2.7,"id":19924829}]}]}
{"op":"mcm","clk":"7577516730","pt":1538803839186,"mc":[{"id":"1.149122165","rc":[{"ltp":1.55,"id":19924831},{"ltp":2.82,"id":19924829}]}]}
{"op":"mcm","clk":"7577520198","pt":1538803898884,"mc":[{"id":"1.149122165","rc":[{"ltp":1.44,"id":19924831},{"ltp":3.3,"id":19924829}]}]}
{"op":"mcm","clk":"7577524401","pt":1538803959139,"mc":[{"id":"1.149122165","rc":[{"ltp":1.4,"id":19924831},{"ltp":3.45,"id":19924829}]}]}
{"op":"mcm","clk":"7577529158","pt":1538804018537,"mc":[{"id":"1.149122165","rc":[{"ltp":1.43,"id":19924831},{"ltp":3.2,"id":19924829}]}]}
{"op":"mcm","clk":"7577534089","pt":1538804079225,"mc":[{"id":"1.149122165","rc":[{"ltp":1.37,"id":19924831},{"ltp":3.4,"id":19924829}]}]}
{"op":"mcm","clk":"7577538201","pt":1538804139248,"mc":[{"id":"1.149122165","rc":[{"ltp":1.43,"id":19924831},{"ltp":3.3,"id":19924829}]}]}
{"op":"mcm","clk":"7577542594","pt":1538804199237,"mc":[{"id":"1.149122165","rc":[{"ltp":1.45,"id":19924831},{"ltp":3.15,"id":19924829}]}]}
{"op":"mcm","clk":"7577563687","pt":1538804259127,"mc":[{"id":"1.149122165","rc":[{"ltp":1.46,"id":19924831},{"ltp":3.1,"id":19924829}]}]}
{"op":"mcm","clk":"7577568842","pt":1538804319203,"mc":[{"id":"1.149122165","rc":[{"ltp":1.49,"id":19924831},{"ltp":2.9,"id":19924829}]}]}
{"op":"mcm","clk":"7577573292","pt":1538804379235,"mc":[{"id":"1.149122165","rc":[{"ltp":1.57,"id":19924831},{"ltp":2.68,"id":19924829}]}]}
{"op":"mcm","clk":"7577578133","pt":1538804439219,"mc":[{"id":"1.149122165","rc":[{"ltp":1.44,"id":19924831},{"ltp":3.3,"id":19924829}]}]}
{"op":"mcm","clk":"7577582932","pt":1538804499111,"mc":[{"id":"1.149122165","rc":[{"ltp":1.55,"id":19924831},{"ltp":2.94,"id":19924829}]}]}
{"op":"mcm","clk":"7577588239","pt":1538804559238,"mc":[{"id":"1.149122165","rc":[{"ltp":1.56,"id":19924831},{"ltp":2.78,"id":19924829}]}]}
{"op":"mcm","clk":"7577592648","pt":1538804619229,"mc":[{"id":"1.149122165","rc":[{"ltp":1.47,"id":19924831},{"ltp":3.15,"id":19924829}]}]}
{"op":"mcm","clk":"7577597297","pt":1538804679112,"mc":[{"id":"1.149122165","rc":[{"ltp":1.43,"id":19924831},{"ltp":3.35,"id":19924829}]}]}
{"op":"mcm","clk":"7577601410","pt":1538804737559,"mc":[{"id":"1.149122165","rc":[{"ltp":1.45,"id":19924831},{"ltp":3.25,"id":19924829}]}]}
{"op":"mcm","clk":"7577606043","pt":1538804798846,"mc":[{"id":"1.149122165","rc":[{"ltp":1.35,"id":19924831},{"ltp":3.85,"id":19924829}]}]}
{"op":"mcm","clk":"7577610793","pt":1538804859208,"mc":[{"id":"1.149122165","rc":[{"ltp":1.34,"id":19924831},{"ltp":3.75,"id":19924829}]}]}
{"op":"mcm","clk":"7577615272","pt":1538804919206,"mc":[{"id":"1.149122165","rc":[{"ltp":1.32,"id":19924831},{"ltp":4.1,"id":19924829}]}]}
{"op":"mcm","clk":"7577620089","pt":1538804979069,"mc":[{"id":"1.149122165","rc":[{"ltp":1.31,"id":19924831},{"ltp":4.2,"id":19924829}]}]}
{"op":"mcm","clk":"7577624966","pt":1538805039244,"mc":[{"id":"1.149122165","rc":[{"ltp":1.3,"id":19924831},{"ltp":4.4,"id":19924829}]}]}
{"op":"mcm","clk":"7577629233","pt":1538805099114,"mc":[{"id":"1.149122165","rc":[{"ltp":1.25,"id":19924831},{"ltp":5.0,"id":19924829}]}]}
{"op":"mcm","clk":"7577650314","pt":1538805159159,"mc":[{"id":"1.149122165","rc":[{"ltp":1.2,"id":19924831},{"ltp":5.8,"id":19924829}]}]}
{"op":"mcm","clk":"7577654402","pt":1538805219131,"mc":[{"id":"1.149122165","rc":[{"ltp":1.14,"id":19924831},{"ltp":7.8,"id":19924829}]}]}
{"op":"mcm","clk":"7577659569","pt":1538805279071,"mc":[{"id":"1.149122165","rc":[{"ltp":1.08,"id":19924831},{"ltp":12.0,"id":19924829}]}]}
{"op":"mcm","clk":"7577664266","pt":1538805339241,"mc":[{"id":"1.149122165","rc":[{"ltp":1.06,"id":19924831},{"ltp":19.0,"id":19924829}]}]}
{"op":"mcm","clk":"7577668474","pt":1538805398906,"mc":[{"id":"1.149122165","rc":[{"ltp":1.04,"id":19924831},{"ltp":23.0,"id":19924829}]}]}
{"op":"mcm","clk":"7577672668","pt":1538805458970,"mc":[{"id":"1.149122165","rc":[{"ltp":1.06,"id":19924831},{"ltp":20.0,"id":19924829}]}]}
{"op":"mcm","clk":"7577682949","pt":1538805519048,"mc":[{"id":"1.149122165","rc":[{"ltp":1.03,"id":19924831},{"ltp":26.0,"id":19924829}]}]}
{"op":"mcm","clk":"7577688993","pt":1538805579065,"mc":[{"id":"1.149122165","rc":[{"ltp":1.04,"id":19924831}]}]}
{"op":"mcm","clk":"7577693145","pt":1538805637932,"mc":[{"id":"1.149122165","rc":[{"ltp":1.05,"id":19924831},{"ltp":20.0,"id":19924829}]}]}
{"op":"mcm","clk":"7577698443","pt":1538805698956,"mc":[{"id":"1.149122165","rc":[{"ltp":1.06,"id":19924831},{"ltp":17.5,"id":19924829}]}]}
{"op":"mcm","clk":"7577702621","pt":1538805758839,"mc":[{"id":"1.149122165","rc":[{"ltp":1.04,"id":19924831},{"ltp":20.0,"id":19924829}]}]}
{"op":"mcm","clk":"7577706726","pt":1538805818305,"mc":[{"id":"1.149122165","rc":[{"ltp":1.05,"id":19924831},{"ltp":26.0,"id":19924829}]}]}
{"op":"mcm","clk":"7577715212","pt":1538805939113,"mc":[{"id":"1.149122165","rc":[{"ltp":1.04,"id":19924831},{"ltp":28.0,"id":19924829}]}]}
{"op":"mcm","clk":"7577719058","pt":1538805999217,"mc":[{"id":"1.149122165","rc":[{"ltp":1.05,"id":19924831},{"ltp":21.0,"id":19924829}]}]}
{"op":"mcm","clk":"7577744068","pt":1538806118705,"mc":[{"id":"1.149122165","rc":[{"ltp":1.04,"id":19924831},{"ltp":26.0,"id":19924829}]}]}
{"op":"mcm","clk":"7577747276","pt":1538806178875,"mc":[{"id":"1.149122165","rc":[{"ltp":1.02,"id":19924831},{"ltp":34.0,"id":19924829}]}]}
{"op":"mcm","clk":"7577750609","pt":1538806239064,"mc":[{"id":"1.149122165","rc":[{"ltp":1.01,"id":19924831},{"ltp":50.0,"id":19924829}]}]}
{"op":"mcm","clk":"7577754290","pt":1538806298794,"mc":[{"id":"1.149122165","rc":[{"ltp":1.02,"id":19924831}]}]}
{"op":"mcm","clk":"7577765646","pt":1538806478243,"mc":[{"id":"1.149122165","rc":[{"ltp":1.01,"id":19924831},{"ltp":55.0,"id":19924829}]}]}
{"op":"mcm","clk":"7577769568","pt":1538806538040,"mc":[{"id":"1.149122165","marketDefinition":{"bspMarket":false,"turnInPlayEnabled":true,"persistenceEnabled":true,"marketBaseRate":5.0,"eventId":"28939675","eventTypeId":"2","numberOfWinners":1,"bettingType":"ODDS","marketType":"MATCH_ODDS","marketTime":"2018-10-06T04:48:00.000Z","suspendTime":"2018-10-06T04:48:00.000Z","bspReconciled":false,"complete":true,"inPlay":true,"crossMatching":true,"runnersVoidable":false,"numberOfActiveRunners":2,"betDelay":5,"status":"SUSPENDED","runners":[{"status":"ACTIVE","sortPriority":1,"id":19924829,"name":"Denis Shapovalov"},{"status":"ACTIVE","sortPriority":2,"id":19924831,"name":"Daniil Medvedev"}],"regulators":["MR_INT"],"countryCode":"JP","discountAllowed":true,"timezone":"UTC","openDate":"2018-10-06T04:48:00.000Z","version":2439434044,"name":"Match Odds","eventName":"Shapovalov v Medvedev"},"rc":[{"ltp":100.0,"id":19924829}]}]}
{"op":"mcm","clk":"7577772103","pt":1538806579173,"mc":[{"id":"1.149122165","marketDefinition":{"bspMarket":false,"turnInPlayEnabled":true,"persistenceEnabled":true,"marketBaseRate":5.0,"eventId":"28939675","eventTypeId":"2","numberOfWinners":1,"bettingType":"ODDS","marketType":"MATCH_ODDS","marketTime":"2018-10-06T04:48:00.000Z","suspendTime":"2018-10-06T04:48:00.000Z","bspReconciled":false,"complete":true,"inPlay":true,"crossMatching":false,"runnersVoidable":false,"numberOfActiveRunners":0,"betDelay":5,"status":"CLOSED","settledTime":"2018-10-06T06:15:36.000Z","runners":[{"status":"LOSER","sortPriority":1,"id":19924829,"name":"Denis Shapovalov"},{"status":"WINNER","sortPriority":2,"id":19924831,"name":"Daniil Medvedev"}],"regulators":["MR_INT"],"countryCode":"JP","discountAllowed":true,"timezone":"UTC","openDate":"2018-10-06T04:48:00.000Z","version":2439434494,"name":"Match Odds","eventName":"Shapovalov v Medvedev"}}]}
