{"op":"mcm","clk":"7672501351","pt":1539180629820,"mc":[{"id":"1.149364117","marketDefinition":{"bspMarket":false,"turnInPlayEnabled":true,"persistenceEnabled":true,"marketBaseRate":5.0,"eventId":"28949393","eventTypeId":"2","numberOfWinners":1,"bettingType":"ODDS","marketType":"MATCH_ODDS","marketTime":"2018-10-11T10:00:00.000Z","suspendTime":"2018-10-11T10:00:00.000Z","bspReconciled":false,"complete":true,"inPlay":false,"crossMatching":true,"runnersVoidable":false,"numberOfActiveRunners":2,"betDelay":0,"status":"OPEN","runners":[{"status":"ACTIVE","sortPriority":1,"id":2251402,"name":"Roger Federer"},{"status":"ACTIVE","sortPriority":2,"id":4290403,"name":"Roberto Bautista Agut"}],"regulators":["MR_INT"],"countryCode":"CN","discountAllowed":true,"timezone":"UTC","openDate":"2018-10-11T10:00:00.000Z","version":2448585727,"name":"Match Odds","eventName":"Federer v Bautista Agut"}}]}
{"op":"mcm","clk":"7672589046","pt":1539181622885,"mc":[{"id":"1.149364117","rc":[{"ltp":1.1,"id":2251402}]}]}
{"op":"mcm","clk":"7672895327","pt":1539187017585,"mc":[{"id":"1.149364117","rc":[{"ltp":1.19,"id":2251402}]}]}
{"op":"mcm","clk":"7672985958","pt":1539188788602,"mc":[{"id":"1.149364117","rc":[{"ltp":6.0,"id":4290403},{"ltp":1.2,"id":2251402}]}]}
{"op":"mcm","clk":"7673009406","pt":1539189209120,"mc":[{"id":"1.149364117","rc":[{"ltp":1.19,"id":2251402}]}]}
{"op":"mcm","clk":"7673218158","pt":1539193020281,"mc":[{"id":"1.149364117","rc":[{"ltp":1.18,"id":2251402}]}]}
{"op":"mcm","clk":"7673219875","pt":1539193055883,"mc":[{"id":"1.149364117","rc":[{"ltp":6.4,"id":4290403}]}]}
{"op":"mcm","clk":"7673387262","pt":1539195503782,"mc":[{"id":"1.149364117","rc":[{"ltp":1.19,"id":2251402}]}]}
{"op":"mcm","clk":"7673441731","pt":1539196110237,"mc":[{"id":"1.149364117","rc":[{"ltp":1.18,"id":2251402}]}]}
{"op":"mcm","clk":"7673443206","pt":1539196135005,"mc":[{"id":"1.149364117","rc":[{"ltp":6.6,"id":4290403}]}]}
{"op":"mcm","clk":"7673538845","pt":1539197245007,"mc":[{"id":"1.149364117","rc":[{"ltp":6.4,"id":4290403}]}]}
{"op":"mcm","clk":"7673559088","pt":1539197473162,"mc":[{"id":"1.149364117","rc":[{"ltp":6.8,"id":4290403},{"ltp":1.17,"id":2251402}]}]}
{"op":"mcm","clk":"7673761531","pt":1539199497031,"mc":[{"id":"1.149364117","rc":[{"ltp":1.18,"id":2251402}]}]}
{"op":"mcm","clk":"7673791110","pt":1539199752494,"mc":[{"id":"1.149364117","rc":[{"ltp":1.17,"id":2251402}]}]}
{"op":"mcm","clk":"7673936069","pt":1539201495444,"mc":[{"id":"1.149364117","rc":[{"ltp":1.18,"id":2251402}]}]}
{"op":"mcm","clk":"7673987692","pt":1539202233238,"mc":[{"id":"1.149364117","rc":[{"ltp":1.17,"id":2251402}]}]}
{"op":"mcm","clk":"7674032916","pt":1539202822302,"mc":[{"id":"1.149364117","rc":[{"ltp":1.18,"id":2251402}]}]}
{"op":"mcm","clk":"7674134680","pt":1539204369051,"mc":[{"id":"1.149364117","rc":[{"ltp":1.17,"id":2251402}]}]}
{"op":"mcm","clk":"7674234054","pt":1539206308536,"mc":[{"id":"1.149364117","rc":[{"ltp":6.6,"id":4290403},{"ltp":1.18,"id":2251402}]}]}
{"op":"mcm","clk":"7674236566","pt":1539206363856,"mc":[{"id":"1.149364117","rc":[{"ltp":6.8,"id":4290403}]}]}
{"op":"mcm","clk":"7674241443","pt":1539206478440,"mc":[{"id":"1.149364117","rc":[{"ltp":7.0,"id":4290403}]}]}
{"op":"mcm","clk":"7674248286","pt":1539206643618,"mc":[{"id":"1.149364117","rc":[{"ltp":1.17,"id":2251402}]}]}
{"op":"mcm","clk":"7674319971","pt":1539207889736,"mc":[{"id":"1.149364117","rc":[{"ltp":1.18,"id":2251402}]}]}
{"op":"mcm","clk":"7674365566","pt":1539208774993,"mc":[{"id":"1.149364117","rc":[{"ltp":6.6,"id":4290403}]}]}
{"op":"mcm","clk":"7674429453","pt":1539209820541,"mc":[{"id":"1.149364117","rc":[{"ltp":1.17,"id":2251402}]}]}
{"op":"mcm","clk":"7674434854","pt":1539209937403,"mc":[{"id":"1.149364117","rc":[{"ltp":1.18,"id":2251402}]}]}
{"op":"mcm","clk":"7674446139","pt":1539210207473,"mc":[{"id":"1.149364117","rc":[{"ltp":1.17,"id":2251402}]}]}
{"op":"mcm","clk":"7674467765","pt":1539210506972,"mc":[{"id":"1.149364117","rc":[{"ltp":1.18,"id":2251402}]}]}
{"op":"mcm","clk":"7674514699","pt":1539211345021,"mc":[{"id":"1.149364117","rc":[{"ltp":1.17,"id":2251402}]}]}
{"op":"mcm","clk":"7674574884","pt":1539212486270,"mc":[{"id":"1.149364117","rc":[{"ltp":1.16,"id":2251402}]}]}
{"op":"mcm","clk":"7674580733","pt":1539212617059,"mc":[{"id":"1.149364117","rc":[{"ltp":1.17,"id":2251402}]}]}
{"op":"mcm","clk":"7674619867","pt":1539213188968,"mc":[{"id":"1.149364117","rc":[{"ltp":6.8,"id":4290403}]}]}
{"op":"mcm","clk":"7674673928","pt":1539214149748,"mc":[{"id":"1.149364117","rc":[{"ltp":1.18,"id":2251402}]}]}
{"op":"mcm","clk":"7674763050","pt":1539215848227,"mc":[{"id":"1.149364117","rc":[{"ltp":7.0,"id":4290403},{"ltp":1.17,"id":2251402}]}]}
{"op":"mcm","clk":"7675061014","pt":1539220256096,"mc":[{"id":"1.149364117","rc":[{"ltp":6.8,"id":4290403}]}]}
{"op":"mcm","clk":"7675157805","pt":1539221475410,"mc":[{"id":"1.149364117","rc":[{"ltp":1.16,"id":2251402}]}]}
{"op":"mcm","clk":"7675191842","pt":1539222008998,"mc":[{"id":"1.149364117","rc":[{"ltp":1.17,"id":2251402}]}]}
{"op":"mcm","clk":"7675228045","pt":1539222448695,"mc":[{"id":"1.149364117","rc":[{"ltp":1.16,"id":2251402}]}]}
{"op":"mcm","clk":"7675308001","pt":1539223598570,"mc":[{"id":"1.149364117","rc":[{"ltp":1.17,"id":2251402}]}]}
{"op":"mcm","clk":"7675412146","pt":1539225222581,"mc":[{"id":"1.149364117","rc":[{"ltp":1.16,"id":2251402}]}]}
{"op":"mcm","clk":"7675477237","pt":1539226270979,"mc":[{"id":"1.149364117","rc":[{"ltp":1.17,"id":2251402}]}]}
{"op":"mcm","clk":"7675553357","pt":1539227525929,"mc":[{"id":"1.149364117","rc":[{"ltp":1.16,"id":2251402}]}]}
{"op":"mcm","clk":"7675619240","pt":1539228862350,"mc":[{"id":"1.149364117","rc":[{"ltp":1.17,"id":2251402}]}]}
{"op":"mcm","clk":"7675623304","pt":1539228956638,"mc":[{"id":"1.149364117","rc":[{"ltp":1.16,"id":2251402}]}]}
{"op":"mcm","clk":"7675636588","pt":1539229298356,"mc":[{"id":"1.149364117","rc":[{"ltp":1.17,"id":2251402}]}]}
{"op":"mcm","clk":"7675649607","pt":1539229432176,"mc":[{"id":"1.149364117","rc":[{"ltp":7.0,"id":4290403}]}]}
{"op":"mcm","clk":"7675825433","pt":1539232568430,"mc":[{"id":"1.149364117","rc":[{"ltp":1.16,"id":2251402}]}]}
{"op":"mcm","clk":"7675860825","pt":1539233231696,"mc":[{"id":"1.149364117","rc":[{"ltp":1.17,"id":2251402}]}]}
{"op":"mcm","clk":"7675884079","pt":1539233704425,"mc":[{"id":"1.149364117","rc":[{"ltp":1.16,"id":2251402}]}]}
{"op":"mcm","clk":"7675903007","pt":1539233942831,"mc":[{"id":"1.149364117","rc":[{"ltp":1.17,"id":2251402}]}]}
{"op":"mcm","clk":"7675935403","pt":1539234564499,"mc":[{"id":"1.149364117","rc":[{"ltp":1.16,"id":2251402}]}]}
{"op":"mcm","clk":"7675953058","pt":1539234749732,"mc":[{"id":"1.149364117","rc":[{"ltp":1.17,"id":2251402}]}]}
{"op":"mcm","clk":"7675971617","pt":1539235058452,"mc":[{"id":"1.149364117","rc":[{"ltp":1.16,"id":2251402}]}]}
{"op":"mcm","clk":"7676072367","pt":1539236570060,"mc":[{"id":"1.149364117","rc":[{"ltp":1.17,"id":2251402}]}]}
{"op":"mcm","clk":"7676075654","pt":1539236620261,"mc":[{"id":"1.149364117","rc":[{"ltp":1.16,"id":2251402}]}]}
{"op":"mcm","clk":"7676092399","pt":1539236865581,"mc":[{"id":"1.149364117","rc":[{"ltp":1.17,"id":2251402}]}]}
{"op":"mcm","clk":"7676109982","pt":1539237136212,"mc":[{"id":"1.149364117","rc":[{"ltp":1.16,"id":2251402}]}]}
{"op":"mcm","clk":"7676169427","pt":1539238062096,"mc":[{"id":"1.149364117","rc":[{"ltp":1.17,"id":2251402}]}]}
{"op":"mcm","clk":"7676229436","pt":1539238983430,"mc":[{"id":"1.149364117","rc":[{"ltp":1.16,"id":2251402}]}]}
{"op":"mcm","clk":"7676236218","pt":1539239106754,"mc":[{"id":"1.149364117","rc":[{"ltp":1.17,"id":2251402}]}]}
{"op":"mcm","clk":"7676275622","pt":1539239747676,"mc":[{"id":"1.149364117","rc":[{"ltp":1.16,"id":2251402}]}]}
{"op":"mcm","clk":"7676317246","pt":1539240564488,"mc":[{"id":"1.149364117","rc":[{"ltp":1.17,"id":2251402}]}]}
{"op":"mcm","clk":"7676347847","pt":1539241191449,"mc":[{"id":"1.149364117","rc":[{"ltp":1.16,"id":2251402}]}]}
{"op":"mcm","clk":"7676356735","pt":1539241479618,"mc":[{"id":"1.149364117","rc":[{"ltp":1.17,"id":2251402}]}]}
{"op":"mcm","clk":"7676359405","pt":1539241560097,"mc":[{"id":"1.149364117","rc":[{"ltp":1.16,"id":2251402}]}]}
{"op":"mcm","clk":"7676388360","pt":1539242014913,"mc":[{"id":"1.149364117","rc":[{"ltp":1.17,"id":2251402}]}]}
{"op":"mcm","clk":"7676393765","pt":1539242127653,"mc":[{"id":"1.149364117","rc":[{"ltp":1.16,"id":2251402}]}]}
{"op":"mcm","clk":"7676409449","pt":1539242509117,"mc":[{"id":"1.149364117","rc":[{"ltp":1.17,"id":2251402}]}]}
{"op":"mcm","clk":"7676413315","pt":1539242607960,"mc":[{"id":"1.149364117","rc":[{"ltp":1.16,"id":2251402}]}]}
{"op":"mcm","clk":"7676432129","pt":1539242851228,"mc":[{"id":"1.149364117","rc":[{"ltp":1.17,"id":2251402}]}]}
{"op":"mcm","clk":"7676458333","pt":1539243486494,"mc":[{"id":"1.149364117","rc":[{"ltp":1.16,"id":2251402}]}]}
{"op":"mcm","clk":"7676461555","pt":1539243578554,"mc":[{"id":"1.149364117","rc":[{"ltp":1.17,"id":2251402}]}]}
{"op":"mcm","clk":"7676505544","pt":1539244392211,"mc":[{"id":"1.149364117","rc":[{"ltp":1.16,"id":2251402}]}]}
{"op":"mcm","clk":"7676532923","pt":1539244809548,"mc":[{"id":"1.149364117","rc":[{"ltp":1.17,"id":2251402}]}]}
{"op":"mcm","clk":"7676555019","pt":1539245296864,"mc":[{"id":"1.149364117","rc":[{"ltp":1.16,"id":2251402}]}]}
{"op":"mcm","clk":"7676575558","pt":1539245567875,"mc":[{"id":"1.149364117","rc":[{"ltp":1.17,"id":2251402}]}]}
{"op":"mcm","clk":"7676577803","pt":1539245617156,"mc":[{"id":"1.149364117","rc":[{"ltp":1.16,"id":2251402}]}]}
{"op":"mcm","clk":"7676588580","pt":1539245854934,"mc":[{"id":"1.149364117","rc":[{"ltp":1.17,"id":2251402}]}]}
{"op":"mcm","clk":"7676609314","pt":1539246270728,"mc":[{"id":"1.149364117","rc":[{"ltp":1.16,"id":2251402}]}]}
{"op":"mcm","clk":"7676630778","pt":1539246568274,"mc":[{"id":"1.149364117","rc":[{"ltp":7.2,"id":4290403}]}]}
{"op":"mcm","clk":"7676633161","pt":1539246616722,"mc":[{"id":"1.149364117","rc":[{"ltp":1.17,"id":2251402}]}]}
{"op":"mcm","clk":"7676641834","pt":1539246779880,"mc":[{"id":"1.149364117","rc":[{"ltp":7.4,"id":4290403}]}]}
{"op":"mcm","clk":"7676660391","pt":1539247167833,"mc":[{"id":"1.149364117","rc":[{"ltp":1.16,"id":2251402}]}]}
{"op":"mcm","clk":"7676665874","pt":1539247278895,"mc":[{"id":"1.149364117","rc":[{"ltp":7.2,"id":4290403}]}]}
{"op":"mcm","clk":"7676698226","pt":1539247829659,"mc":[{"id":"1.149364117","rc":[{"ltp":7.4,"id":4290403}]}]}
{"op":"mcm","clk":"7676701083","pt":1539247891479,"mc":[{"id":"1.149364117","rc":[{"ltp":7.2,"id":4290403}]}]}
{"op":"mcm","clk":"7676703730","pt":1539247947407,"mc":[{"id":"1.149364117","rc":[{"ltp":1.15,"id":2251402}]}]}
{"op":"mcm","clk":"7676708629","pt":1539248048913,"mc":[{"id":"1.149364117","rc":[{"ltp":1.16,"id":2251402}]}]}
{"op":"mcm","clk":"7676730366","pt":1539248356962,"mc":[{"id":"1.149364117","rc":[{"ltp":1.15,"id":2251402}]}]}
{"op":"mcm","clk":"7676733102","pt":1539248415694,"mc":[{"id":"1.149364117","rc":[{"ltp":7.4,"id":4290403}]}]}
{"op":"mcm","clk":"7676734794","pt":1539248447892,"mc":[{"id":"1.149364117","rc":[{"ltp":1.16,"id":2251402}]}]}
{"op":"mcm","clk":"7676739290","pt":1539248536854,"mc":[{"id":"1.149364117","rc":[{"ltp":1.15,"id":2251402}]}]}
{"op":"mcm","clk":"7676756794","pt":1539248907226,"mc":[{"id":"1.149364117","rc":[{"ltp":1.16,"id":2251402}]}]}
{"op":"mcm","clk":"7676758262","pt":1539248942186,"mc":[{"id":"1.149364117","rc":[{"ltp":1.15,"id":2251402}]}]}
{"op":"mcm","clk":"7676782671","pt":1539249327344,"mc":[{"id":"1.149364117","rc":[{"ltp":7.6,"id":4290403}]}]}
{"op":"mcm","clk":"7676787226","pt":1539249451498,"mc":[{"id":"1.149364117","rc":[{"ltp":7.4,"id":4290403}]}]}
{"op":"mcm","clk":"7676799627","pt":1539249731690,"mc":[{"id":"1.149364117","rc":[{"ltp":1.16,"id":2251402}]}]}
{"op":"mcm","clk":"7676806083","pt":1539249870271,"mc":[{"id":"1.149364117","rc":[{"ltp":7.6,"id":4290403}]}]}
{"op":"mcm","clk":"7676829984","pt":1539250209409,"mc":[{"id":"1.149364117","rc":[{"ltp":1.15,"id":2251402}]}]}
{"op":"mcm","clk":"7676838645","pt":1539250407268,"mc":[{"id":"1.149364117","rc":[{"ltp":1.16,"id":2251402}]}]}
{"op":"mcm","clk":"7676845742","pt":1539250567920,"mc":[{"id":"1.149364117","rc":[{"ltp":1.15,"id":2251402}]}]}
{"op":"mcm","clk":"7676849311","pt":1539250651556,"mc":[{"id":"1.149364117","rc":[{"ltp":1.16,"id":2251402}]}]}
{"op":"mcm","clk":"7676857982","pt":1539250831577,"mc":[{"id":"1.149364117","rc":[{"ltp":1.15,"id":2251402}]}]}
{"op":"mcm","clk":"7676871142","pt":1539250943286,"mc":[{"id":"1.149364117","rc":[{"ltp":1.16,"id":2251402}]}]}
{"op":"mcm","clk":"7676873533","pt":1539251004821,"mc":[{"id":"1.149364117","rc":[{"ltp":1.15,"id":2251402}]}]}
{"op":"mcm","clk":"7676877572","pt":1539251102526,"mc":[{"id":"1.149364117","rc":[{"ltp":7.4,"id":4290403}]}]}
{"op":"mcm","clk":"7676883644","pt":1539251251072,"mc":[{"id":"1.149364117","rc":[{"ltp":1.16,"id":2251402}]}]}
{"op":"mcm","clk":"7676894286","pt":1539251490500,"mc":[{"id":"1.149364117","rc":[{"ltp":7.6,"id":4290403},{"ltp":1.15,"id":2251402}]}]}
{"op":"mcm","clk":"7676894911","pt":1539251504106,"mc":[{"id":"1.149364117","rc":[{"ltp":1.16,"id":2251402}]}]}
{"op":"mcm","clk":"7676905707","pt":1539251718227,"mc":[{"id":"1.149364117","rc":[{"ltp":7.4,"id":4290403}]}]}
{"op":"mcm","clk":"7676921377","pt":1539251851399,"mc":[{"id":"1.149364117","rc":[{"ltp":7.6,"id":4290403}]}]}
{"op":"mcm","clk":"7676925158","pt":1539251910565,"mc":[{"id":"1.149364117","rc":[{"ltp":7.8,"id":4290403},{"ltp":1.15,"id":2251402}]}]}
{"op":"mcm","clk":"7676928796","pt":1539251971268,"mc":[{"id":"1.149364117","marketDefinition":{"bspMarket":false,"turnInPlayEnabled":true,"persistenceEnabled":true,"marketBaseRate":5.0,"eventId":"28949393","eventTypeId":"2","numberOfWinners":1,"bettingType":"ODDS","marketType":"MATCH_ODDS","marketTime":"2018-10-11T09:57:00.000Z","suspendTime":"2018-10-11T09:57:00.000Z","bspReconciled":false,"complete":true,"inPlay":false,"crossMatching":true,"runnersVoidable":false,"numberOfActiveRunners":2,"betDelay":0,"status":"OPEN","runners":[{"status":"ACTIVE","sortPriority":1,"id":2251402,"name":"Roger Federer"},{"status":"ACTIVE","sortPriority":2,"id":4290403,"name":"Roberto Bautista Agut"}],"regulators":["MR_INT"],"countryCode":"CN","discountAllowed":true,"timezone":"UTC","openDate":"2018-10-11T09:57:00.000Z","version":2449517227,"name":"Match Odds","eventName":"Federer v Bautista Agut"},"rc":[{"ltp":1.14,"id":2251402}]}]}
{"op":"mcm","clk":"7676932074","pt":1539252029279,"mc":[{"id":"1.149364117","rc":[{"ltp":8.0,"id":4290403},{"ltp":1.15,"id":2251402}]}]}
{"op":"mcm","clk":"7676935458","pt":1539252079173,"mc":[{"id":"1.149364117","rc":[{"ltp":7.8,"id":4290403},{"ltp":1.14,"id":2251402}]}]}
{"op":"mcm","clk":"7676940180","pt":1539252150620,"mc":[{"id":"1.149364117","rc":[{"ltp":1.15,"id":2251402}]}]}
{"op":"mcm","clk":"7676944259","pt":1539252211101,"mc":[{"id":"1.149364117","rc":[{"ltp":7.2,"id":4290403},{"ltp":1.16,"id":2251402}]}]}
{"op":"mcm","clk":"7676947441","pt":1539252269381,"mc":[{"id":"1.149364117","rc":[{"ltp":7.6,"id":4290403},{"ltp":1.15,"id":2251402}]}]}
{"op":"mcm","clk":"7676951178","pt":1539252331078,"mc":[{"id":"1.149364117","rc":[{"ltp":1.16,"id":2251402}]}]}
{"op":"mcm","clk":"7676954858","pt":1539252389859,"mc":[{"id":"1.149364117","rc":[{"ltp":7.4,"id":4290403}]}]}
{"op":"mcm","clk":"7676958686","pt":1539252451290,"mc":[{"id":"1.149364117","rc":[{"ltp":1.15,"id":2251402}]}]}
{"op":"mcm","clk":"7676966059","pt":1539252571197,"mc":[{"id":"1.149364117","rc":[{"ltp":7.2,"id":4290403},{"ltp":1.16,"id":2251402}]}]}
{"op":"mcm","clk":"7676969899","pt":1539252630907,"mc":[{"id":"1.149364117","marketDefinition":{"bspMarket":false,"turnInPlayEnabled":true,"persistenceEnabled":true,"marketBaseRate":5.0,"eventId":"28949393","eventTypeId":"2","numberOfWinners":1,"bettingType":"ODDS","marketType":"MATCH_ODDS","marketTime":"2018-10-11T09:57:00.000Z","suspendTime":"2018-10-11T09:57:00.000Z","bspReconciled":false,"complete":true,"inPlay":true,"crossMatching":true,"runnersVoidable":false,"numberOfActiveRunners":2,"betDelay":5,"status":"OPEN","runners":[{"status":"ACTIVE","sortPriority":1,"id":2251402,"name":"Roger Federer"},{"status":"ACTIVE","sortPriority":2,"id":4290403,"name":"Roberto Bautista Agut"}],"regulators":["MR_INT"],"countryCode":"CN","discountAllowed":true,"timezone":"UTC","openDate":"2018-10-11T09:57:00.000Z","version":2449526984,"name":"Match Odds","eventName":"Federer v Bautista Agut"},"rc":[{"ltp":7.8,"id":4290403},{"ltp":1.15,"id":2251402}]}]}
{"op":"mcm","clk":"7676973748","pt":1539252691674,"mc":[{"id":"1.149364117","rc":[{"ltp":8.0,"id":4290403},{"ltp":1.14,"id":2251402}]}]}
{"op":"mcm","clk":"7676989018","pt":1539252811607,"mc":[{"id":"1.149364117","rc":[{"ltp":7.2,"id":4290403},{"ltp":1.15,"id":2251402}]}]}
{"op":"mcm","clk":"7676992352","pt":1539252871529,"mc":[{"id":"1.149364117","rc":[{"ltp":7.0,"id":4290403},{"ltp":1.16,"id":2251402}]}]}
{"op":"mcm","clk":"7676996359","pt":1539252931613,"mc":[{"id":"1.149364117","rc":[{"ltp":5.7,"id":4290403},{"ltp":1.22,"id":2251402}]}]}
{"op":"mcm","clk":"7677000071","pt":1539252991700,"mc":[{"id":"1.149364117","rc":[{"ltp":6.4,"id":4290403},{"ltp":1.17,"id":2251402}]}]}
{"op":"mcm","clk":"7677004073","pt":1539253051561,"mc":[{"id":"1.149364117","rc":[{"ltp":6.0,"id":4290403},{"ltp":1.21,"id":2251402}]}]}
{"op":"mcm","clk":"7677008454","pt":1539253110870,"mc":[{"id":"1.149364117","rc":[{"ltp":6.4,"id":4290403},{"ltp":1.19,"id":2251402}]}]}
{"op":"mcm","clk":"7677012987","pt":1539253171640,"mc":[{"id":"1.149364117","rc":[{"ltp":6.8,"id":4290403},{"ltp":1.17,"id":2251402}]}]}
{"op":"mcm","clk":"7677016698","pt":1539253231290,"mc":[{"id":"1.149364117","rc":[{"ltp":6.6,"id":4290403},{"ltp":1.18,"id":2251402}]}]}
{"op":"mcm","clk":"7677020508","pt":1539253291534,"mc":[{"id":"1.149364117","rc":[{"ltp":6.0,"id":4290403},{"ltp":1.2,"id":2251402}]}]}
{"op":"mcm","clk":"7677023789","pt":1539253351705,"mc":[{"id":"1.149364117","rc":[{"ltp":6.2,"id":4290403},{"ltp":1.17,"id":2251402}]}]}
{"op":"mcm","clk":"7677027244","pt":1539253411435,"mc":[{"id":"1.149364117","rc":[{"ltp":8.0,"id":4290403},{"ltp":1.14,"id":2251402}]}]}
{"op":"mcm","clk":"7677030733","pt":1539253471671,"mc":[{"id":"1.149364117","rc":[{"ltp":12.5,"id":4290403},{"ltp":1.09,"id":2251402}]}]}
{"op":"mcm","clk":"7677033705","pt":1539253531325,"mc":[{"id":"1.149364117","rc":[{"ltp":13.5,"id":4290403},{"ltp":1.07,"id":2251402}]}]}
{"op":"mcm","clk":"7677036261","pt":1539253589426,"mc":[{"id":"1.149364117","rc":[{"ltp":14.0,"id":4290403},{"ltp":1.08,"id":2251402}]}]}
{"op":"mcm","clk":"7677047759","pt":1539253651499,"mc":[{"id":"1.149364117","rc":[{"ltp":15.5,"id":4290403},{"ltp":1.07,"id":2251402}]}]}
{"op":"mcm","clk":"7677050783","pt":1539253711506,"mc":[{"id":"1.149364117","rc":[{"ltp":15.0,"id":4290403},{"ltp":1.08,"id":2251402}]}]}
{"op":"mcm","clk":"7677054445","pt":1539253771522,"mc":[{"id":"1.149364117","rc":[{"ltp":14.0,"id":4290403},{"ltp":1.07,"id":2251402}]}]}
{"op":"mcm","clk":"7677058385","pt":1539253831638,"mc":[{"id":"1.149364117","rc":[{"ltp":11.0,"id":4290403},{"ltp":1.1,"id":2251402}]}]}
{"op":"mcm","clk":"7677062306","pt":1539253890589,"mc":[{"id":"1.149364117","rc":[{"ltp":13.5,"id":4290403},{"ltp":1.08,"id":2251402}]}]}
{"op":"mcm","clk":"7677066647","pt":1539253951673,"mc":[{"id":"1.149364117","rc":[{"ltp":1.09,"id":2251402}]}]}
{"op":"mcm","clk":"7677071009","pt":1539254010427,"mc":[{"id":"1.149364117","rc":[{"ltp":10.0,"id":4290403}]}]}
{"op":"mcm","clk":"7677075069","pt":1539254071687,"mc":[{"id":"1.149364117","rc":[{"ltp":13.5,"id":4290403},{"ltp":1.08,"id":2251402}]}]}
{"op":"mcm","clk":"7677082236","pt":1539254190979,"mc":[{"id":"1.149364117","rc":[{"ltp":1.07,"id":2251402}]}]}
{"op":"mcm","clk":"7677085958","pt":1539254251640,"mc":[{"id":"1.149364117","rc":[{"ltp":15.0,"id":4290403}]}]}
{"op":"mcm","clk":"7677089264","pt":1539254311319,"mc":[{"id":"1.149364117","rc":[{"ltp":14.0,"id":4290403},{"ltp":1.08,"id":2251402}]}]}
{"op":"mcm","clk":"7677092651","pt":1539254371095,"mc":[{"id":"1.149364117","rc":[{"ltp":15.0,"id":4290403},{"ltp":1.07,"id":2251402}]}]}
{"op":"mcm","clk":"7677095486","pt":1539254431296,"mc":[{"id":"1.149364117","rc":[{"ltp":16.0,"id":4290403}]}]}
{"op":"mcm","clk":"7677098220","pt":1539254491696,"mc":[{"id":"1.149364117","rc":[{"ltp":15.5,"id":4290403},{"ltp":1.06,"id":2251402}]}]}
{"op":"mcm","clk":"7677109928","pt":1539254551379,"mc":[{"id":"1.149364117","rc":[{"ltp":20.0,"id":4290403}]}]}
{"op":"mcm","clk":"7677113392","pt":1539254611581,"mc":[{"id":"1.149364117","rc":[{"ltp":17.5,"id":4290403},{"ltp":1.05,"id":2251402}]}]}
{"op":"mcm","clk":"7677116682","pt":1539254670726,"mc":[{"id":"1.149364117","rc":[{"ltp":17.0,"id":4290403},{"ltp":1.06,"id":2251402}]}]}
{"op":"mcm","clk":"7677120096","pt":1539254731228,"mc":[{"id":"1.149364117","rc":[{"ltp":18.5,"id":4290403}]}]}
{"op":"mcm","clk":"7677123581","pt":1539254791381,"mc":[{"id":"1.149364117","rc":[{"ltp":21.0,"id":4290403}]}]}
{"op":"mcm","clk":"7677127316","pt":1539254850968,"mc":[{"id":"1.149364117","rc":[{"ltp":1.05,"id":2251402}]}]}
{"op":"mcm","clk":"7677131657","pt":1539254911601,"mc":[{"id":"1.149364117","rc":[{"ltp":1.06,"id":2251402}]}]}
{"op":"mcm","clk":"7677134822","pt":1539254971553,"mc":[{"id":"1.149364117","rc":[{"ltp":16.5,"id":4290403},{"ltp":1.07,"id":2251402}]}]}
{"op":"mcm","clk":"7677137996","pt":1539255031694,"mc":[{"id":"1.149364117","rc":[{"ltp":18.5,"id":4290403},{"ltp":1.06,"id":2251402}]}]}
{"op":"mcm","clk":"7677141053","pt":1539255091557,"mc":[{"id":"1.149364117","rc":[{"ltp":50.0,"id":4290403},{"ltp":1.02,"id":2251402}]}]}
{"op":"mcm","clk":"7677144315","pt":1539255151718,"mc":[{"id":"1.149364117","rc":[{"ltp":44.0,"id":4290403},{"ltp":1.03,"id":2251402}]}]}
{"op":"mcm","clk":"7677147508","pt":1539255211653,"mc":[{"id":"1.149364117","rc":[{"ltp":19.5,"id":4290403},{"ltp":1.06,"id":2251402}]}]}
{"op":"mcm","clk":"7677151033","pt":1539255271642,"mc":[{"id":"1.149364117","rc":[{"ltp":13.5,"id":4290403},{"ltp":1.08,"id":2251402}]}]}
{"op":"mcm","clk":"7677158772","pt":1539255391669,"mc":[{"id":"1.149364117","rc":[{"ltp":1.07,"id":2251402}]}]}
{"op":"mcm","clk":"7677170922","pt":1539255451587,"mc":[{"id":"1.149364117","rc":[{"ltp":15.0,"id":4290403}]}]}
{"op":"mcm","clk":"7677174331","pt":1539255511309,"mc":[{"id":"1.149364117","rc":[{"ltp":13.5,"id":4290403},{"ltp":1.08,"id":2251402}]}]}
{"op":"mcm","clk":"7677178321","pt":1539255570979,"mc":[{"id":"1.149364117","rc":[{"ltp":12.0,"id":4290403},{"ltp":1.09,"id":2251402}]}]}
{"op":"mcm","clk":"7677182769","pt":1539255631319,"mc":[{"id":"1.149364117","rc":[{"ltp":11.0,"id":4290403},{"ltp":1.11,"id":2251402}]}]}
{"op":"mcm","clk":"7677187730","pt":1539255691645,"mc":[{"id":"1.149364117","rc":[{"ltp":9.2,"id":4290403},{"ltp":1.12,"id":2251402}]}]}
{"op":"mcm","clk":"7677192340","pt":1539255751488,"mc":[{"id":"1.149364117","rc":[{"ltp":7.6,"id":4290403},{"ltp":1.15,"id":2251402}]}]}
{"op":"mcm","clk":"7677197453","pt":1539255811627,"mc":[{"id":"1.149364117","rc":[{"ltp":5.1,"id":4290403},{"ltp":1.24,"id":2251402}]}]}
{"op":"mcm","clk":"7677202221","pt":1539255871640,"mc":[{"id":"1.149364117","rc":[{"ltp":4.8,"id":4290403},{"ltp":1.27,"id":2251402}]}]}
{"op":"mcm","clk":"7677206547","pt":1539255931720,"mc":[{"id":"1.149364117","rc":[{"ltp":4.2,"id":4290403},{"ltp":1.31,"id":2251402}]}]}
{"op":"mcm","clk":"7677210564","pt":1539255991551,"mc":[{"id":"1.149364117","rc":[{"ltp":4.4,"id":4290403},{"ltp":1.3,"id":2251402}]}]}
{"op":"mcm","clk":"7677214391","pt":1539256051570,"mc":[{"id":"1.149364117","rc":[{"ltp":4.3,"id":4290403}]}]}
{"op":"mcm","clk":"7677218515","pt":1539256111661,"mc":[{"id":"1.149364117","rc":[{"ltp":4.8,"id":4290403},{"ltp":1.27,"id":2251402}]}]}
{"op":"mcm","clk":"7677222337","pt":1539256171683,"mc":[{"id":"1.149364117","rc":[{"ltp":4.4,"id":4290403},{"ltp":1.32,"id":2251402}]}]}
{"op":"mcm","clk":"7677225659","pt":1539256231274,"mc":[{"id":"1.149364117","rc":[{"ltp":4.5,"id":4290403},{"ltp":1.28,"id":2251402}]}]}
{"op":"mcm","clk":"7677228716","pt":1539256291662,"mc":[{"id":"1.149364117","rc":[{"ltp":4.0,"id":4290403},{"ltp":1.32,"id":2251402}]}]}
{"op":"mcm","clk":"7677241099","pt":1539256351693,"mc":[{"id":"1.149364117","rc":[{"ltp":3.7,"id":4290403},{"ltp":1.37,"id":2251402}]}]}
{"op":"mcm","clk":"7677245004","pt":1539256410928,"mc":[{"id":"1.149364117","rc":[{"ltp":3.6,"id":4290403},{"ltp":1.39,"id":2251402}]}]}
{"op":"mcm","clk":"7677249196","pt":1539256471657,"mc":[{"id":"1.149364117","rc":[{"ltp":3.45,"id":4290403},{"ltp":1.42,"id":2251402}]}]}
{"op":"mcm","clk":"7677253872","pt":1539256531696,"mc":[{"id":"1.149364117","rc":[{"ltp":3.4,"id":4290403}]}]}
{"op":"mcm","clk":"7677258850","pt":1539256591309,"mc":[{"id":"1.149364117","rc":[{"ltp":3.3,"id":4290403},{"ltp":1.45,"id":2251402}]}]}
{"op":"mcm","clk":"7677264451","pt":1539256651499,"mc":[{"id":"1.149364117","rc":[{"ltp":2.92,"id":4290403},{"ltp":1.53,"id":2251402}]}]}
{"op":"mcm","clk":"7677269594","pt":1539256711636,"mc":[{"id":"1.149364117","rc":[{"ltp":2.74,"id":4290403},{"ltp":1.55,"id":2251402}]}]}
{"op":"mcm","clk":"7677273939","pt":1539256771688,"mc":[{"id":"1.149364117","rc":[{"ltp":2.62,"id":4290403},{"ltp":1.63,"id":2251402}]}]}
{"op":"mcm","clk":"7677278254","pt":1539256831621,"mc":[{"id":"1.149364117","rc":[{"ltp":3.75,"id":4290403},{"ltp":1.35,"id":2251402}]}]}
{"op":"mcm","clk":"7677282601","pt":1539256891644,"mc":[{"id":"1.149364117","rc":[{"ltp":3.0,"id":4290403},{"ltp":1.5,"id":2251402}]}]}
{"op":"mcm","clk":"7677286256","pt":1539256951673,"mc":[{"id":"1.149364117","rc":[{"ltp":2.48,"id":4290403},{"ltp":1.69,"id":2251402}]}]}
{"op":"mcm","clk":"7677290244","pt":1539257011708,"mc":[{"id":"1.149364117","rc":[{"ltp":2.18,"id":4290403},{"ltp":1.83,"id":2251402}]}]}
{"op":"mcm","clk":"7677294019","pt":1539257071657,"mc":[{"id":"1.149364117","rc":[{"ltp":2.56,"id":4290403},{"ltp":1.55,"id":2251402}]}]}
{"op":"mcm","clk":"7677297877","pt":1539257131587,"mc":[{"id":"1.149364117","rc":[{"ltp":2.54,"id":4290403},{"ltp":1.71,"id":2251402}]}]}
{"op":"mcm","clk":"7677301582","pt":1539257191641,"mc":[{"id":"1.149364117","rc":[{"ltp":2.66,"id":4290403},{"ltp":1.62,"id":2251402}]}]}
{"op":"mcm","clk":"7677313335","pt":1539257251713,"mc":[{"id":"1.149364117","rc":[{"ltp":1.95,"id":4290403},{"ltp":2.06,"id":2251402}]}]}
{"op":"mcm","clk":"7677316662","pt":1539257311662,"mc":[{"id":"1.149364117","rc":[{"ltp":2.58,"id":4290403},{"ltp":1.63,"id":2251402}]}]}
{"op":"mcm","clk":"7677320904","pt":1539257371677,"mc":[{"id":"1.149364117","rc":[{"ltp":2.84,"id":4290403},{"ltp":1.53,"id":2251402}]}]}
{"op":"mcm","clk":"7677324920","pt":1539257431546,"mc":[{"id":"1.149364117","rc":[{"ltp":2.4,"id":4290403},{"ltp":1.71,"id":2251402}]}]}
{"op":"mcm","clk":"7677328809","pt":1539257491629,"mc":[{"id":"1.149364117","rc":[{"ltp":2.58,"id":4290403},{"ltp":1.66,"id":2251402}]}]}
{"op":"mcm","clk":"7677333018","pt":1539257551663,"mc":[{"id":"1.149364117","rc":[{"ltp":3.0,"id":4290403},{"ltp":1.46,"id":2251402}]}]}
{"op":"mcm","clk":"7677337248","pt":1539257611714,"mc":[{"id":"1.149364117","rc":[{"ltp":2.84,"id":4290403},{"ltp":1.51,"id":2251402}]}]}
{"op":"mcm","clk":"7677340684","pt":1539257671718,"mc":[{"id":"1.149364117","rc":[{"ltp":2.54,"id":4290403},{"ltp":1.64,"id":2251402}]}]}
{"op":"mcm","clk":"7677344535","pt":1539257731718,"mc":[{"id":"1.149364117","rc":[{"ltp":2.32,"id":4290403},{"ltp":1.74,"id":2251402}]}]}
{"op":"mcm","clk":"7677348316","pt":1539257791452,"mc":[{"id":"1.149364117","rc":[{"ltp":1.76,"id":2251402}]}]}
{"op":"mcm","clk":"7677352234","pt":1539257851638,"mc":[{"id":"1.149364117","rc":[{"ltp":2.64,"id":4290403},{"ltp":1.61,"id":2251402}]}]}
{"op":"mcm","clk":"7677355997","pt":1539257911634,"mc":[{"id":"1.149364117","rc":[{"ltp":2.88,"id":4290403},{"ltp":1.53,"id":2251402}]}]}
{"op":"mcm","clk":"7677359684","pt":1539257971711,"mc":[{"id":"1.149364117","rc":[{"ltp":3.6,"id":4290403},{"ltp":1.39,"id":2251402}]}]}
{"op":"mcm","clk":"7677363141","pt":1539258031718,"mc":[{"id":"1.149364117","rc":[{"ltp":2.6,"id":4290403},{"ltp":1.69,"id":2251402}]}]}
{"op":"mcm","clk":"7677366642","pt":1539258091646,"mc":[{"id":"1.149364117","rc":[{"ltp":2.34,"id":4290403},{"ltp":1.75,"id":2251402}]}]}
{"op":"mcm","clk":"7677378811","pt":1539258151422,"mc":[{"id":"1.149364117","rc":[{"ltp":2.28,"id":4290403},{"ltp":1.77,"id":2251402}]}]}
{"op":"mcm","clk":"7677382200","pt":1539258211548,"mc":[{"id":"1.149364117","rc":[{"ltp":2.68,"id":4290403},{"ltp":1.6,"id":2251402}]}]}
{"op":"mcm","clk":"7677386415","pt":1539258271710,"mc":[{"id":"1.149364117","rc":[{"ltp":2.8,"id":4290403},{"ltp":1.55,"id":2251402}]}]}
{"op":"mcm","clk":"7677390674","pt":1539258331571,"mc":[{"id":"1.149364117","rc":[{"ltp":2.36,"id":4290403},{"ltp":1.73,"id":2251402}]}]}
{"op":"mcm","clk":"7677395221","pt":1539258391712,"mc":[{"id":"1.149364117","rc":[{"ltp":2.22,"id":4290403},{"ltp":1.82,"id":2251402}]}]}
{"op":"mcm","clk":"7677399861","pt":1539258451681,"mc":[{"id":"1.149364117","rc":[{"ltp":2.2,"id":4290403},{"ltp":1.83,"id":2251402}]}]}
{"op":"mcm","clk":"7677404103","pt":1539258511696,"mc":[{"id":"1.149364117","rc":[{"ltp":1.88,"id":4290403},{"ltp":2.08,"id":2251402}]}]}
{"op":"mcm","clk":"7677407688","pt":1539258571692,"mc":[{"id":"1.149364117","rc":[{"ltp":2.32,"id":4290403},{"ltp":1.74,"id":2251402}]}]}
{"op":"mcm","clk":"7677411874","pt":1539258631620,"mc":[{"id":"1.149364117","rc":[{"ltp":2.62,"id":4290403},{"ltp":1.61,"id":2251402}]}]}
{"op":"mcm","clk":"7677416007","pt":1539258691640,"mc":[{"id":"1.149364117","rc":[{"ltp":2.16,"id":4290403},{"ltp":1.86,"id":2251402}]}]}
{"op":"mcm","clk":"7677419783","pt":1539258751648,"mc":[{"id":"1.149364117","rc":[{"ltp":2.68,"id":4290403},{"ltp":1.58,"id":2251402}]}]}
{"op":"mcm","clk":"7677423767","pt":1539258811680,"mc":[{"id":"1.149364117","rc":[{"ltp":2.76,"id":4290403}]}]}
{"op":"mcm","clk":"7677427765","pt":1539258871535,"mc":[{"id":"1.149364117","rc":[{"ltp":1.57,"id":2251402}]}]}
{"op":"mcm","clk":"7677430998","pt":1539258931679,"mc":[{"id":"1.149364117","rc":[{"ltp":4.1,"id":4290403},{"ltp":1.29,"id":2251402}]}]}
{"op":"mcm","clk":"7677434475","pt":1539258991685,"mc":[{"id":"1.149364117","rc":[{"ltp":2.32,"id":4290403},{"ltp":1.76,"id":2251402}]}]}
{"op":"mcm","clk":"7677450245","pt":1539259111630,"mc":[{"id":"1.149364117","rc":[{"ltp":4.0,"id":4290403},{"ltp":1.33,"id":2251402}]}]}
{"op":"mcm","clk":"7677453917","pt":1539259171629,"mc":[{"id":"1.149364117","rc":[{"ltp":15.0,"id":4290403},{"ltp":1.07,"id":2251402}]}]}
{"op":"mcm","clk":"7677462429","pt":1539259291488,"mc":[{"id":"1.149364117","rc":[{"ltp":100.0,"id":4290403},{"ltp":1.02,"id":2251402}]}]}
{"op":"mcm","clk":"7677465942","pt":1539259336393,"mc":[{"id":"1.149364117","marketDefinition":{"bspMarket":false,"turnInPlayEnabled":true,"persistenceEnabled":true,"marketBaseRate":5.0,"eventId":"28949393","eventTypeId":"2","numberOfWinners":1,"bettingType":"ODDS","marketType":"MATCH_ODDS","marketTime":"2018-10-11T09:57:00.000Z","suspendTime":"2018-10-11T09:57:00.000Z","bspReconciled":false,"complete":true,"inPlay":true,"crossMatching":true,"runnersVoidable":false,"numberOfActiveRunners":2,"betDelay":5,"status":"SUSPENDED","runners":[{"status":"ACTIVE","sortPriority":1,"id":2251402,"name":"Roger Federer"},{"status":"ACTIVE","sortPriority":2,"id":4290403,"name":"Roberto Bautista Agut"}],"regulators":["MR_INT"],"countryCode":"CN","discountAllowed":true,"timezone":"UTC","openDate":"2018-10-11T09:57:00.000Z","version":2449611218,"name":"Match Odds","eventName":"Federer v Bautista Agut"},"rc":[{"ltp":130.0,"id":4290403},{"ltp":1.01,"id":2251402}]}]}
{"op":"mcm","clk":"7677470063","pt":1539259388739,"mc":[{"id":"1.149364117","marketDefinition":{"bspMarket":false,"turnInPlayEnabled":true,"persistenceEnabled":true,"marketBaseRate":5.0,"eventId":"28949393","eventTypeId":"2","numberOfWinners":1,"bettingType":"ODDS","marketType":"MATCH_ODDS","marketTime":"2018-10-11T09:57:00.000Z","suspendTime":"2018-10-11T09:57:00.000Z","bspReconciled":false,"complete":true,"inPlay":true,"crossMatching":false,"runnersVoidable":false,"numberOfActiveRunners":0,"betDelay":5,"status":"CLOSED","settledTime":"2018-10-11T12:02:38.000Z","runners":[{"status":"WINNER","sortPriority":1,"id":2251402,"name":"Roger Federer"},{"status":"LOSER","sortPriority":2,"id":4290403,"name":"Roberto Bautista Agut"}],"regulators":["MR_INT"],"countryCode":"CN","discountAllowed":true,"timezone":"UTC","openDate":"2018-10-11T09:57:00.000Z","version":2449611707,"name":"Match Odds","eventName":"Federer v Bautista Agut"}}]}
