{"op":"mcm","clk":"7581724943","pt":1538831138399,"mc":[{"id":"1.149182328","marketDefinition":{"bspMarket":false,"turnInPlayEnabled":true,"persistenceEnabled":true,"marketBaseRate":5.0,"eventId":"28942420","eventTypeId":"2","numberOfWinners":1,"bettingType":"ODDS","marketType":"MATCH_ODDS","marketTime":"2018-10-07T08:30:00.000Z","suspendTime":"2018-10-07T08:30:00.000Z","bspReconciled":false,"complete":true,"inPlay":false,"crossMatching":true,"runnersVoidable":false,"numberOfActiveRunners":2,"betDelay":0,"status":"OPEN","runners":[{"status":"ACTIVE","sortPriority":1,"id":2422070,"name":"Anastasija Sevastova"},{"status":"ACTIVE","sortPriority":2,"id":2309522,"name":"Caroline Wozniacki"}],"regulators":["MR_INT"],"countryCode":"CN","discountAllowed":true,"timezone":"UTC","openDate":"2018-10-07T08:30:00.000Z","version":2440230888,"name":"Match Odds","eventName":"Sevastova v Wozniacki"}}]}
{"op":"mcm","clk":"7581911321","pt":1538831820624,"mc":[{"id":"1.149182328","rc":[{"ltp":1.45,"id":2309522}]}]}
{"op":"mcm","clk":"7582404800","pt":1538833901556,"mc":[{"id":"1.149182328","rc":[{"ltp":2.96,"id":2422070},{"ltp":1.51,"id":2309522}]}]}
{"op":"mcm","clk":"7582476389","pt":1538834203471,"mc":[{"id":"1.149182328","rc":[{"ltp":1.49,"id":2309522}]}]}
{"op":"mcm","clk":"7582675095","pt":1538834922668,"mc":[{"id":"1.149182328","rc":[{"ltp":1.47,"id":2309522}]}]}
{"op":"mcm","clk":"7582708985","pt":1538835034089,"mc":[{"id":"1.149182328","rc":[{"ltp":1.51,"id":2309522}]}]}
{"op":"mcm","clk":"7583005978","pt":1538836001689,"mc":[{"id":"1.149182328","rc":[{"ltp":1.48,"id":2309522}]}]}
{"op":"mcm","clk":"7583629312","pt":1538838377934,"mc":[{"id":"1.149182328","rc":[{"ltp":3.05,"id":2422070}]}]}
{"op":"mcm","clk":"7584111158","pt":1538839874672,"mc":[{"id":"1.149182328","rc":[{"ltp":1.47,"id":2309522}]}]}
{"op":"mcm","clk":"7584384492","pt":1538840794847,"mc":[{"id":"1.149182328","rc":[{"ltp":3.1,"id":2422070}]}]}
{"op":"mcm","clk":"7584561118","pt":1538841669176,"mc":[{"id":"1.149182328","rc":[{"ltp":1.46,"id":2309522}]}]}
{"op":"mcm","clk":"7585001922","pt":1538843476572,"mc":[{"id":"1.149182328","rc":[{"ltp":1.45,"id":2309522}]}]}
{"op":"mcm","clk":"7585314164","pt":1538845026058,"mc":[{"id":"1.149182328","rc":[{"ltp":1.46,"id":2309522}]}]}
{"op":"mcm","clk":"7585382826","pt":1538845447179,"mc":[{"id":"1.149182328","rc":[{"ltp":1.45,"id":2309522}]}]}
{"op":"mcm","clk":"7585398803","pt":1538845527667,"mc":[{"id":"1.149182328","rc":[{"ltp":3.2,"id":2422070},{"ltp":1.46,"id":2309522}]}]}
{"op":"mcm","clk":"7586038974","pt":1538848740441,"mc":[{"id":"1.149182328","rc":[{"ltp":1.45,"id":2309522}]}]}
{"op":"mcm","clk":"7586371814","pt":1538850613930,"mc":[{"id":"1.149182328","rc":[{"ltp":1.46,"id":2309522}]}]}
{"op":"mcm","clk":"7586597506","pt":1538851934202,"mc":[{"id":"1.149182328","rc":[{"ltp":1.45,"id":2309522}]}]}
{"op":"mcm","clk":"7586748739","pt":1538852911456,"mc":[{"id":"1.149182328","rc":[{"ltp":3.15,"id":2422070}]}]}
{"op":"mcm","clk":"7587318236","pt":1538856556938,"mc":[{"id":"1.149182328","rc":[{"ltp":1.46,"id":2309522}]}]}
{"op":"mcm","clk":"7587363783","pt":1538856903335,"mc":[{"id":"1.149182328","rc":[{"ltp":1.45,"id":2309522}]}]}
{"op":"mcm","clk":"7587594869","pt":1538858621022,"mc":[{"id":"1.149182328","rc":[{"ltp":1.48,"id":2309522}]}]}
{"op":"mcm","clk":"7587638523","pt":1538859082263,"mc":[{"id":"1.149182328","rc":[{"ltp":1.45,"id":2309522}]}]}
{"op":"mcm","clk":"7587698736","pt":1538859582280,"mc":[{"id":"1.149182328","rc":[{"ltp":3.1,"id":2422070},{"ltp":1.47,"id":2309522}]}]}
{"op":"mcm","clk":"7587801195","pt":1538860363992,"mc":[{"id":"1.149182328","rc":[{"ltp":3.05,"id":2422070},{"ltp":1.48,"id":2309522}]}]}
{"op":"mcm","clk":"7587823064","pt":1538860520043,"mc":[{"id":"1.149182328","rc":[{"ltp":3.0,"id":2422070},{"ltp":1.49,"id":2309522}]}]}
{"op":"mcm","clk":"7587954914","pt":1538861544361,"mc":[{"id":"1.149182328","rc":[{"ltp":1.47,"id":2309522}]}]}
{"op":"mcm","clk":"7588232418","pt":1538863815835,"mc":[{"id":"1.149182328","rc":[{"ltp":1.49,"id":2309522}]}]}
{"op":"mcm","clk":"7588327273","pt":1538864560573,"mc":[{"id":"1.149182328","rc":[{"ltp":1.48,"id":2309522}]}]}
{"op":"mcm","clk":"7588393353","pt":1538865168926,"mc":[{"id":"1.149182328","rc":[{"ltp":3.05,"id":2422070}]}]}
{"op":"mcm","clk":"7588481951","pt":1538865867282,"mc":[{"id":"1.149182328","rc":[{"ltp":1.47,"id":2309522}]}]}
{"op":"mcm","clk":"7588583487","pt":1538866844261,"mc":[{"id":"1.149182328","rc":[{"ltp":1.48,"id":2309522}]}]}
{"op":"mcm","clk":"7588966666","pt":1538870765981,"mc":[{"id":"1.149182328","rc":[{"ltp":3.1,"id":2422070}]}]}
{"op":"mcm","clk":"7588990887","pt":1538870886506,"mc":[{"id":"1.149182328","rc":[{"ltp":3.05,"id":2422070}]}]}
{"op":"mcm","clk":"7589236620","pt":1538873620467,"mc":[{"id":"1.149182328","rc":[{"ltp":3.1,"id":2422070},{"ltp":1.47,"id":2309522}]}]}
{"op":"mcm","clk":"7589345430","pt":1538874940572,"mc":[{"id":"1.149182328","rc":[{"ltp":1.46,"id":2309522}]}]}
{"op":"mcm","clk":"7589395161","pt":1538875519384,"mc":[{"id":"1.149182328","rc":[{"ltp":3.2,"id":2422070},{"ltp":1.45,"id":2309522}]}]}
{"op":"mcm","clk":"7589414742","pt":1538875823372,"mc":[{"id":"1.149182328","rc":[{"ltp":1.46,"id":2309522}]}]}
{"op":"mcm","clk":"7589459761","pt":1538876323817,"mc":[{"id":"1.149182328","rc":[{"ltp":1.45,"id":2309522}]}]}
{"op":"mcm","clk":"7589558746","pt":1538877542691,"mc":[{"id":"1.149182328","rc":[{"ltp":1.47,"id":2309522}]}]}
{"op":"mcm","clk":"7589666882","pt":1538878773186,"mc":[{"id":"1.149182328","rc":[{"ltp":1.45,"id":2309522}]}]}
{"op":"mcm","clk":"7589806124","pt":1538880212258,"mc":[{"id":"1.149182328","rc":[{"ltp":3.15,"id":2422070}]}]}
{"op":"mcm","clk":"7589823983","pt":1538880420928,"mc":[{"id":"1.149182328","rc":[{"ltp":3.2,"id":2422070}]}]}
{"op":"mcm","clk":"7589841284","pt":1538880601698,"mc":[{"id":"1.149182328","rc":[{"ltp":1.47,"id":2309522}]}]}
{"op":"mcm","clk":"7589970184","pt":1538881655949,"mc":[{"id":"1.149182328","rc":[{"ltp":1.45,"id":2309522}]}]}
{"op":"mcm","clk":"7589973227","pt":1538881689274,"mc":[{"id":"1.149182328","rc":[{"ltp":1.46,"id":2309522}]}]}
{"op":"mcm","clk":"7590016953","pt":1538882160641,"mc":[{"id":"1.149182328","rc":[{"ltp":1.47,"id":2309522}]}]}
{"op":"mcm","clk":"7590092916","pt":1538882901397,"mc":[{"id":"1.149182328","rc":[{"ltp":3.15,"id":2422070},{"ltp":1.46,"id":2309522}]}]}
{"op":"mcm","clk":"7590154482","pt":1538883520401,"mc":[{"id":"1.149182328","rc":[{"ltp":3.2,"id":2422070}]}]}
{"op":"mcm","clk":"7590178808","pt":1538883872610,"mc":[{"id":"1.149182328","rc":[{"ltp":1.45,"id":2309522}]}]}
{"op":"mcm","clk":"7590222720","pt":1538884339986,"mc":[{"id":"1.149182328","rc":[{"ltp":3.15,"id":2422070},{"ltp":1.46,"id":2309522}]}]}
{"op":"mcm","clk":"7590246550","pt":1538884693585,"mc":[{"id":"1.149182328","rc":[{"ltp":1.45,"id":2309522}]}]}
{"op":"mcm","clk":"7590362131","pt":1538885784067,"mc":[{"id":"1.149182328","rc":[{"ltp":3.2,"id":2422070}]}]}
{"op":"mcm","clk":"7590393680","pt":1538886096476,"mc":[{"id":"1.149182328","rc":[{"ltp":1.46,"id":2309522}]}]}
{"op":"mcm","clk":"7590517193","pt":1538887333392,"mc":[{"id":"1.149182328","rc":[{"ltp":1.45,"id":2309522}]}]}
{"op":"mcm","clk":"7590633678","pt":1538888651633,"mc":[{"id":"1.149182328","rc":[{"ltp":1.47,"id":2309522}]}]}
{"op":"mcm","clk":"7590688464","pt":1538889104456,"mc":[{"id":"1.149182328","rc":[{"ltp":3.1,"id":2422070}]}]}
{"op":"mcm","clk":"7590695189","pt":1538889163465,"mc":[{"id":"1.149182328","rc":[{"ltp":1.46,"id":2309522}]}]}
{"op":"mcm","clk":"7590700390","pt":1538889204399,"mc":[{"id":"1.149182328","rc":[{"ltp":1.47,"id":2309522}]}]}
{"op":"mcm","clk":"7590707590","pt":1538889260366,"mc":[{"id":"1.149182328","rc":[{"ltp":1.46,"id":2309522}]}]}
{"op":"mcm","clk":"7590748089","pt":1538889624628,"mc":[{"id":"1.149182328","rc":[{"ltp":1.47,"id":2309522}]}]}
{"op":"mcm","clk":"7590878828","pt":1538890603158,"mc":[{"id":"1.149182328","rc":[{"ltp":3.05,"id":2422070},{"ltp":1.48,"id":2309522}]}]}
{"op":"mcm","clk":"7590920211","pt":1538890840361,"mc":[{"id":"1.149182328","rc":[{"ltp":1.49,"id":2309522}]}]}
{"op":"mcm","clk":"7590943890","pt":1538891061550,"mc":[{"id":"1.149182328","rc":[{"ltp":1.47,"id":2309522}]}]}
{"op":"mcm","clk":"7590990845","pt":1538891488229,"mc":[{"id":"1.149182328","rc":[{"ltp":1.48,"id":2309522}]}]}
{"op":"mcm","clk":"7591022131","pt":1538891681665,"mc":[{"id":"1.149182328","rc":[{"ltp":3.1,"id":2422070},{"ltp":1.47,"id":2309522}]}]}
{"op":"mcm","clk":"7591040426","pt":1538891861590,"mc":[{"id":"1.149182328","rc":[{"ltp":1.48,"id":2309522}]}]}
{"op":"mcm","clk":"7591086714","pt":1538892277299,"mc":[{"id":"1.149182328","rc":[{"ltp":1.47,"id":2309522}]}]}
{"op":"mcm","clk":"7591153483","pt":1538892737647,"mc":[{"id":"1.149182328","rc":[{"ltp":1.48,"id":2309522}]}]}
{"op":"mcm","clk":"7591283147","pt":1538893900940,"mc":[{"id":"1.149182328","rc":[{"ltp":1.47,"id":2309522}]}]}
{"op":"mcm","clk":"7591346646","pt":1538894322564,"mc":[{"id":"1.149182328","rc":[{"ltp":1.49,"id":2309522}]}]}
{"op":"mcm","clk":"7591354567","pt":1538894382354,"mc":[{"id":"1.149182328","rc":[{"ltp":1.47,"id":2309522}]}]}
{"op":"mcm","clk":"7591375082","pt":1538894541999,"mc":[{"id":"1.149182328","rc":[{"ltp":1.48,"id":2309522}]}]}
{"op":"mcm","clk":"7591388061","pt":1538894645797,"mc":[{"id":"1.149182328","rc":[{"ltp":1.47,"id":2309522}]}]}
{"op":"mcm","clk":"7591437970","pt":1538895097167,"mc":[{"id":"1.149182328","rc":[{"ltp":1.48,"id":2309522}]}]}
{"op":"mcm","clk":"7591459690","pt":1538895196863,"mc":[{"id":"1.149182328","rc":[{"ltp":3.05,"id":2422070}]}]}
{"op":"mcm","clk":"7591481492","pt":1538895445851,"mc":[{"id":"1.149182328","rc":[{"ltp":1.47,"id":2309522}]}]}
{"op":"mcm","clk":"7591488152","pt":1538895523215,"mc":[{"id":"1.149182328","rc":[{"ltp":3.1,"id":2422070}]}]}
{"op":"mcm","clk":"7591511775","pt":1538895764552,"mc":[{"id":"1.149182328","rc":[{"ltp":1.46,"id":2309522}]}]}
{"op":"mcm","clk":"7591557455","pt":1538896121367,"mc":[{"id":"1.149182328","rc":[{"ltp":1.47,"id":2309522}]}]}
{"op":"mcm","clk":"7591563561","pt":1538896181749,"mc":[{"id":"1.149182328","rc":[{"ltp":1.46,"id":2309522}]}]}
{"op":"mcm","clk":"7591571181","pt":1538896264316,"mc":[{"id":"1.149182328","rc":[{"ltp":3.15,"id":2422070}]}]}
{"op":"mcm","clk":"7591585188","pt":1538896423854,"mc":[{"id":"1.149182328","rc":[{"ltp":3.2,"id":2422070},{"ltp":1.45,"id":2309522}]}]}
{"op":"mcm","clk":"7591642873","pt":1538896964501,"mc":[{"id":"1.149182328","rc":[{"ltp":1.46,"id":2309522}]}]}
{"op":"mcm","clk":"7591682575","pt":1538897456130,"mc":[{"id":"1.149182328","rc":[{"ltp":1.45,"id":2309522}]}]}
{"op":"mcm","clk":"7591703226","pt":1538897679333,"mc":[{"id":"1.149182328","rc":[{"ltp":1.46,"id":2309522}]}]}
{"op":"mcm","clk":"7591763735","pt":1538898161241,"mc":[{"id":"1.149182328","rc":[{"ltp":1.45,"id":2309522}]}]}
{"op":"mcm","clk":"7591769391","pt":1538898216362,"mc":[{"id":"1.149182328","rc":[{"ltp":1.46,"id":2309522}]}]}
{"op":"mcm","clk":"7591781787","pt":1538898336533,"mc":[{"id":"1.149182328","rc":[{"ltp":3.15,"id":2422070},{"ltp":1.45,"id":2309522}]}]}
{"op":"mcm","clk":"7591788428","pt":1538898400844,"mc":[{"id":"1.149182328","rc":[{"ltp":1.47,"id":2309522}]}]}
{"op":"mcm","clk":"7591802185","pt":1538898524402,"mc":[{"id":"1.149182328","rc":[{"ltp":1.46,"id":2309522}]}]}
{"op":"mcm","clk":"7591808065","pt":1538898579715,"mc":[{"id":"1.149182328","rc":[{"ltp":1.45,"id":2309522}]}]}
{"op":"mcm","clk":"7591841958","pt":1538898762703,"mc":[{"id":"1.149182328","rc":[{"ltp":1.46,"id":2309522}]}]}
{"op":"mcm","clk":"7591845892","pt":1538898798333,"mc":[{"id":"1.149182328","rc":[{"ltp":1.45,"id":2309522}]}]}
{"op":"mcm","clk":"7591865432","pt":1538899004617,"mc":[{"id":"1.149182328","rc":[{"ltp":3.2,"id":2422070},{"ltp":1.46,"id":2309522}]}]}
{"op":"mcm","clk":"7591885240","pt":1538899181795,"mc":[{"id":"1.149182328","rc":[{"ltp":3.15,"id":2422070},{"ltp":1.45,"id":2309522}]}]}
{"op":"mcm","clk":"7591892857","pt":1538899242489,"mc":[{"id":"1.149182328","rc":[{"ltp":1.46,"id":2309522}]}]}
{"op":"mcm","clk":"7591906396","pt":1538899362850,"mc":[{"id":"1.149182328","rc":[{"ltp":3.2,"id":2422070}]}]}
{"op":"mcm","clk":"7591913770","pt":1538899424130,"mc":[{"id":"1.149182328","rc":[{"ltp":3.15,"id":2422070}]}]}
{"op":"mcm","clk":"7591926915","pt":1538899544673,"mc":[{"id":"1.149182328","rc":[{"ltp":1.47,"id":2309522}]}]}
{"op":"mcm","clk":"7591968394","pt":1538899780309,"mc":[{"id":"1.149182328","rc":[{"ltp":1.46,"id":2309522}]}]}
{"op":"mcm","clk":"7592004539","pt":1538900074391,"mc":[{"id":"1.149182328","rc":[{"ltp":1.47,"id":2309522}]}]}
{"op":"mcm","clk":"7592012837","pt":1538900143627,"mc":[{"id":"1.149182328","rc":[{"ltp":3.1,"id":2422070}]}]}
{"op":"mcm","clk":"7592044445","pt":1538900382394,"mc":[{"id":"1.149182328","marketDefinition":{"bspMarket":false,"turnInPlayEnabled":true,"persistenceEnabled":true,"marketBaseRate":5.0,"eventId":"28942420","eventTypeId":"2","numberOfWinners":1,"bettingType":"ODDS","marketType":"MATCH_ODDS","marketTime":"2018-10-07T08:14:00.000Z","suspendTime":"2018-10-07T08:14:00.000Z","bspReconciled":false,"complete":true,"inPlay":false,"crossMatching":true,"runnersVoidable":false,"numberOfActiveRunners":2,"betDelay":0,"status":"OPEN","runners":[{"status":"ACTIVE","sortPriority":1,"id":2422070,"name":"Anastasija Sevastova"},{"status":"ACTIVE","sortPriority":2,"id":2309522,"name":"Caroline Wozniacki"}],"regulators":["MR_INT"],"countryCode":"CN","discountAllowed":true,"timezone":"UTC","openDate":"2018-10-07T08:14:00.000Z","version":2443197442,"name":"Match Odds","eventName":"Sevastova v Wozniacki"}}]}
{"op":"mcm","clk":"7592052352","pt":1538900442321,"mc":[{"id":"1.149182328","rc":[{"ltp":3.05,"id":2422070}]}]}
{"op":"mcm","clk":"7592060370","pt":1538900503204,"mc":[{"id":"1.149182328","rc":[{"ltp":3.1,"id":2422070}]}]}
{"op":"mcm","clk":"7592086725","pt":1538900617527,"mc":[{"id":"1.149182328","rc":[{"ltp":3.05,"id":2422070}]}]}
{"op":"mcm","clk":"7592095262","pt":1538900683285,"mc":[{"id":"1.149182328","rc":[{"ltp":3.1,"id":2422070},{"ltp":1.48,"id":2309522}]}]}
{"op":"mcm","clk":"7592101538","pt":1538900738598,"mc":[{"id":"1.149182328","rc":[{"ltp":3.05,"id":2422070}]}]}
{"op":"mcm","clk":"7592109195","pt":1538900802262,"mc":[{"id":"1.149182328","rc":[{"ltp":3.15,"id":2422070},{"ltp":1.47,"id":2309522}]}]}
{"op":"mcm","clk":"7592115738","pt":1538900857891,"mc":[{"id":"1.149182328","rc":[{"ltp":1.45,"id":2309522}]}]}
{"op":"mcm","clk":"7592122506","pt":1538900916991,"mc":[{"id":"1.149182328","rc":[{"ltp":1.47,"id":2309522}]}]}
{"op":"mcm","clk":"7592138075","pt":1538901041700,"mc":[{"id":"1.149182328","rc":[{"ltp":1.46,"id":2309522}]}]}
{"op":"mcm","clk":"7592154608","pt":1538901164562,"mc":[{"id":"1.149182328","rc":[{"ltp":3.1,"id":2422070},{"ltp":1.47,"id":2309522}]}]}
{"op":"mcm","clk":"7592170284","pt":1538901281771,"mc":[{"id":"1.149182328","rc":[{"ltp":3.15,"id":2422070},{"ltp":1.46,"id":2309522}]}]}
{"op":"mcm","clk":"7592186840","pt":1538901402534,"mc":[{"id":"1.149182328","rc":[{"ltp":3.2,"id":2422070}]}]}
{"op":"mcm","clk":"7592216578","pt":1538901523834,"mc":[{"id":"1.149182328","rc":[{"ltp":1.44,"id":2309522}]}]}
{"op":"mcm","clk":"7592224966","pt":1538901584405,"mc":[{"id":"1.149182328","rc":[{"ltp":3.3,"id":2422070},{"ltp":1.42,"id":2309522}]}]}
{"op":"mcm","clk":"7592233572","pt":1538901643928,"mc":[{"id":"1.149182328","marketDefinition":{"bspMarket":false,"turnInPlayEnabled":true,"persistenceEnabled":true,"marketBaseRate":5.0,"eventId":"28942420","eventTypeId":"2","numberOfWinners":1,"bettingType":"ODDS","marketType":"MATCH_ODDS","marketTime":"2018-10-07T08:14:00.000Z","suspendTime":"2018-10-07T08:14:00.000Z","bspReconciled":false,"complete":true,"inPlay":true,"crossMatching":true,"runnersVoidable":false,"numberOfActiveRunners":2,"betDelay":5,"status":"OPEN","runners":[{"status":"ACTIVE","sortPriority":1,"id":2422070,"name":"Anastasija Sevastova"},{"status":"ACTIVE","sortPriority":2,"id":2309522,"name":"Caroline Wozniacki"}],"regulators":["MR_INT"],"countryCode":"CN","discountAllowed":true,"timezone":"UTC","openDate":"2018-10-07T08:14:00.000Z","version":2443228890,"name":"Match Odds","eventName":"Sevastova v Wozniacki"},"rc":[{"ltp":3.25,"id":2422070},{"ltp":1.38,"id":2309522}]}]}
{"op":"mcm","clk":"7592243031","pt":1538901704156,"mc":[{"id":"1.149182328","rc":[{"ltp":3.7,"id":2422070},{"ltp":1.37,"id":2309522}]}]}
{"op":"mcm","clk":"7592252809","pt":1538901763994,"mc":[{"id":"1.149182328","rc":[{"ltp":4.1,"id":2422070},{"ltp":1.34,"id":2309522}]}]}
{"op":"mcm","clk":"7592260968","pt":1538901824678,"mc":[{"id":"1.149182328","rc":[{"ltp":3.4,"id":2422070},{"ltp":1.41,"id":2309522}]}]}
{"op":"mcm","clk":"7592269315","pt":1538901884657,"mc":[{"id":"1.149182328","rc":[{"ltp":3.05,"id":2422070},{"ltp":1.47,"id":2309522}]}]}
{"op":"mcm","clk":"7592277885","pt":1538901944374,"mc":[{"id":"1.149182328","rc":[{"ltp":2.8,"id":2422070},{"ltp":1.57,"id":2309522}]}]}
{"op":"mcm","clk":"7592285648","pt":1538902004653,"mc":[{"id":"1.149182328","rc":[{"ltp":2.7,"id":2422070},{"ltp":1.59,"id":2309522}]}]}
{"op":"mcm","clk":"7592294100","pt":1538902064470,"mc":[{"id":"1.149182328","rc":[{"ltp":3.25,"id":2422070},{"ltp":1.44,"id":2309522}]}]}
{"op":"mcm","clk":"7592301792","pt":1538902124559,"mc":[{"id":"1.149182328","rc":[{"ltp":3.7,"id":2422070},{"ltp":1.37,"id":2309522}]}]}
{"op":"mcm","clk":"7592309937","pt":1538902184159,"mc":[{"id":"1.149182328","rc":[{"ltp":3.65,"id":2422070}]}]}
{"op":"mcm","clk":"7592318342","pt":1538902244627,"mc":[{"id":"1.149182328","rc":[{"ltp":3.35,"id":2422070},{"ltp":1.41,"id":2309522}]}]}
{"op":"mcm","clk":"7592326266","pt":1538902304632,"mc":[{"id":"1.149182328","rc":[{"ltp":3.6,"id":2422070},{"ltp":1.39,"id":2309522}]}]}
{"op":"mcm","clk":"7592346046","pt":1538902364618,"mc":[{"id":"1.149182328","rc":[{"ltp":2.96,"id":2422070},{"ltp":1.51,"id":2309522}]}]}
{"op":"mcm","clk":"7592354100","pt":1538902424423,"mc":[{"id":"1.149182328","rc":[{"ltp":3.15,"id":2422070},{"ltp":1.47,"id":2309522}]}]}
{"op":"mcm","clk":"7592362026","pt":1538902484556,"mc":[{"id":"1.149182328","rc":[{"ltp":3.1,"id":2422070},{"ltp":1.46,"id":2309522}]}]}
{"op":"mcm","clk":"7592369497","pt":1538902544676,"mc":[{"id":"1.149182328","rc":[{"ltp":3.6,"id":2422070},{"ltp":1.38,"id":2309522}]}]}
{"op":"mcm","clk":"7592376842","pt":1538902604565,"mc":[{"id":"1.149182328","rc":[{"ltp":3.55,"id":2422070},{"ltp":1.4,"id":2309522}]}]}
{"op":"mcm","clk":"7592385406","pt":1538902664668,"mc":[{"id":"1.149182328","rc":[{"ltp":3.85,"id":2422070},{"ltp":1.34,"id":2309522}]}]}
{"op":"mcm","clk":"7592392378","pt":1538902724331,"mc":[{"id":"1.149182328","rc":[{"ltp":4.3,"id":2422070},{"ltp":1.32,"id":2309522}]}]}
{"op":"mcm","clk":"7592400682","pt":1538902784667,"mc":[{"id":"1.149182328","rc":[{"ltp":1.28,"id":2309522}]}]}
{"op":"mcm","clk":"7592410110","pt":1538902844660,"mc":[{"id":"1.149182328","rc":[{"ltp":5.4,"id":2422070},{"ltp":1.23,"id":2309522}]}]}
{"op":"mcm","clk":"7592419582","pt":1538902904398,"mc":[{"id":"1.149182328","rc":[{"ltp":4.7,"id":2422070},{"ltp":1.24,"id":2309522}]}]}
{"op":"mcm","clk":"7592428341","pt":1538902964415,"mc":[{"id":"1.149182328","rc":[{"ltp":5.1,"id":2422070},{"ltp":1.23,"id":2309522}]}]}
{"op":"mcm","clk":"7592436947","pt":1538903023846,"mc":[{"id":"1.149182328","rc":[{"ltp":5.8,"id":2422070},{"ltp":1.21,"id":2309522}]}]}
{"op":"mcm","clk":"7592446463","pt":1538903084586,"mc":[{"id":"1.149182328","rc":[{"ltp":5.3,"id":2422070},{"ltp":1.22,"id":2309522}]}]}
{"op":"mcm","clk":"7592456079","pt":1538903144672,"mc":[{"id":"1.149182328","rc":[{"ltp":7.0,"id":2422070},{"ltp":1.18,"id":2309522}]}]}
{"op":"mcm","clk":"7592465089","pt":1538903203382,"mc":[{"id":"1.149182328","rc":[{"ltp":6.6,"id":2422070},{"ltp":1.17,"id":2309522}]}]}
{"op":"mcm","clk":"7592486316","pt":1538903264565,"mc":[{"id":"1.149182328","rc":[{"ltp":1.18,"id":2309522}]}]}
{"op":"mcm","clk":"7592495297","pt":1538903324075,"mc":[{"id":"1.149182328","rc":[{"ltp":6.4,"id":2422070},{"ltp":1.17,"id":2309522}]}]}
{"op":"mcm","clk":"7592503822","pt":1538903384146,"mc":[{"id":"1.149182328","rc":[{"ltp":7.0,"id":2422070},{"ltp":1.19,"id":2309522}]}]}
{"op":"mcm","clk":"7592512255","pt":1538903444343,"mc":[{"id":"1.149182328","rc":[{"ltp":6.0,"id":2422070},{"ltp":1.18,"id":2309522}]}]}
{"op":"mcm","clk":"7592520686","pt":1538903500927,"mc":[{"id":"1.149182328","rc":[{"ltp":7.2,"id":2422070},{"ltp":1.16,"id":2309522}]}]}
{"op":"mcm","clk":"7592529568","pt":1538903564411,"mc":[{"id":"1.149182328","rc":[{"ltp":7.6,"id":2422070},{"ltp":1.14,"id":2309522}]}]}
{"op":"mcm","clk":"7592538305","pt":1538903624378,"mc":[{"id":"1.149182328","rc":[{"ltp":8.0,"id":2422070}]}]}
{"op":"mcm","clk":"7592547762","pt":1538903683609,"mc":[{"id":"1.149182328","rc":[{"ltp":7.6,"id":2422070},{"ltp":1.15,"id":2309522}]}]}
{"op":"mcm","clk":"7592565528","pt":1538903804662,"mc":[{"id":"1.149182328","rc":[{"ltp":7.0,"id":2422070},{"ltp":1.17,"id":2309522}]}]}
{"op":"mcm","clk":"7592574093","pt":1538903864593,"mc":[{"id":"1.149182328","rc":[{"ltp":6.4,"id":2422070},{"ltp":1.19,"id":2309522}]}]}
{"op":"mcm","clk":"7592582271","pt":1538903924492,"mc":[{"id":"1.149182328","rc":[{"ltp":5.7,"id":2422070},{"ltp":1.2,"id":2309522}]}]}
{"op":"mcm","clk":"7592590477","pt":1538903984558,"mc":[{"id":"1.149182328","rc":[{"ltp":5.2,"id":2422070},{"ltp":1.24,"id":2309522}]}]}
{"op":"mcm","clk":"7592598634","pt":1538904044460,"mc":[{"id":"1.149182328","rc":[{"ltp":5.3,"id":2422070},{"ltp":1.23,"id":2309522}]}]}
{"op":"mcm","clk":"7592606933","pt":1538904103569,"mc":[{"id":"1.149182328","rc":[{"ltp":6.0,"id":2422070},{"ltp":1.2,"id":2309522}]}]}
{"op":"mcm","clk":"7592627187","pt":1538904164309,"mc":[{"id":"1.149182328","rc":[{"ltp":5.3,"id":2422070},{"ltp":1.24,"id":2309522}]}]}
{"op":"mcm","clk":"7592635435","pt":1538904224272,"mc":[{"id":"1.149182328","rc":[{"ltp":1.23,"id":2309522}]}]}
{"op":"mcm","clk":"7592644846","pt":1538904284511,"mc":[{"id":"1.149182328","rc":[{"ltp":5.5,"id":2422070},{"ltp":1.2,"id":2309522}]}]}
{"op":"mcm","clk":"7592653139","pt":1538904343852,"mc":[{"id":"1.149182328","rc":[{"ltp":5.6,"id":2422070},{"ltp":1.23,"id":2309522}]}]}
{"op":"mcm","clk":"7592661693","pt":1538904404569,"mc":[{"id":"1.149182328","rc":[{"ltp":6.8,"id":2422070},{"ltp":1.17,"id":2309522}]}]}
{"op":"mcm","clk":"7592670634","pt":1538904464503,"mc":[{"id":"1.149182328","rc":[{"ltp":10.5,"id":2422070},{"ltp":1.12,"id":2309522}]}]}
{"op":"mcm","clk":"7592679419","pt":1538904524366,"mc":[{"id":"1.149182328","rc":[{"ltp":8.6,"id":2422070},{"ltp":1.13,"id":2309522}]}]}
{"op":"mcm","clk":"7592689164","pt":1538904584406,"mc":[{"id":"1.149182328","rc":[{"ltp":11.0,"id":2422070},{"ltp":1.11,"id":2309522}]}]}
{"op":"mcm","clk":"7592699927","pt":1538904644337,"mc":[{"id":"1.149182328","rc":[{"ltp":13.5,"id":2422070},{"ltp":1.08,"id":2309522}]}]}
{"op":"mcm","clk":"7592721185","pt":1538904764071,"mc":[{"id":"1.149182328","rc":[{"ltp":12.0,"id":2422070},{"ltp":1.09,"id":2309522}]}]}
{"op":"mcm","clk":"7592731405","pt":1538904824053,"mc":[{"id":"1.149182328","rc":[{"ltp":18.5,"id":2422070},{"ltp":1.05,"id":2309522}]}]}
{"op":"mcm","clk":"7592741798","pt":1538904884577,"mc":[{"id":"1.149182328","rc":[{"ltp":26.0,"id":2422070},{"ltp":1.04,"id":2309522}]}]}
{"op":"mcm","clk":"7592752618","pt":1538904944269,"mc":[{"id":"1.149182328","rc":[{"ltp":34.0,"id":2422070},{"ltp":1.03,"id":2309522}]}]}
{"op":"mcm","clk":"7592762817","pt":1538905004614,"mc":[{"id":"1.149182328","rc":[{"ltp":32.0,"id":2422070}]}]}
{"op":"mcm","clk":"7592785129","pt":1538905064583,"mc":[{"id":"1.149182328","rc":[{"ltp":26.0,"id":2422070},{"ltp":1.05,"id":2309522}]}]}
{"op":"mcm","clk":"7592795361","pt":1538905124578,"mc":[{"id":"1.149182328","rc":[{"ltp":38.0,"id":2422070},{"ltp":1.03,"id":2309522}]}]}
{"op":"mcm","clk":"7592806086","pt":1538905184063,"mc":[{"id":"1.149182328","rc":[{"ltp":65.0,"id":2422070},{"ltp":1.02,"id":2309522}]}]}
{"op":"mcm","clk":"7592816560","pt":1538905242704,"mc":[{"id":"1.149182328","rc":[{"ltp":60.0,"id":2422070}]}]}
{"op":"mcm","clk":"7592827652","pt":1538905304259,"mc":[{"id":"1.149182328","rc":[{"ltp":110.0,"id":2422070},{"ltp":1.01,"id":2309522}]}]}
{"op":"mcm","clk":"7592838497","pt":1538905363955,"mc":[{"id":"1.149182328","rc":[{"ltp":100.0,"id":2422070}]}]}
{"op":"mcm","clk":"7592860026","pt":1538905484636,"mc":[{"id":"1.149182328","rc":[{"ltp":50.0,"id":2422070},{"ltp":1.02,"id":2309522}]}]}
{"op":"mcm","clk":"7592870875","pt":1538905544568,"mc":[{"id":"1.149182328","rc":[{"ltp":1.03,"id":2309522}]}]}
{"op":"mcm","clk":"7592881558","pt":1538905604395,"mc":[{"id":"1.149182328","rc":[{"ltp":55.0,"id":2422070},{"ltp":1.02,"id":2309522}]}]}
{"op":"mcm","clk":"7592892469","pt":1538905664610,"mc":[{"id":"1.149182328","rc":[{"ltp":100.0,"id":2422070},{"ltp":1.01,"id":2309522}]}]}
{"op":"mcm","clk":"7592903398","pt":1538905724498,"mc":[{"id":"1.149182328","rc":[{"ltp":36.0,"id":2422070},{"ltp":1.03,"id":2309522}]}]}
{"op":"mcm","clk":"7592913556","pt":1538905784456,"mc":[{"id":"1.149182328","rc":[{"ltp":22.0,"id":2422070},{"ltp":1.04,"id":2309522}]}]}
{"op":"mcm","clk":"7592935706","pt":1538905904609,"mc":[{"id":"1.149182328","rc":[{"ltp":15.0,"id":2422070},{"ltp":1.07,"id":2309522}]}]}
{"op":"mcm","clk":"7592959738","pt":1538905964499,"mc":[{"id":"1.149182328","rc":[{"ltp":14.5,"id":2422070}]}]}
{"op":"mcm","clk":"7592990675","pt":1538906142257,"mc":[{"id":"1.149182328","rc":[{"ltp":17.5,"id":2422070},{"ltp":1.06,"id":2309522}]}]}
{"op":"mcm","clk":"7593002045","pt":1538906204246,"mc":[{"id":"1.149182328","rc":[{"ltp":21.0,"id":2422070},{"ltp":1.05,"id":2309522}]}]}
{"op":"mcm","clk":"7593012395","pt":1538906264623,"mc":[{"id":"1.149182328","rc":[{"ltp":13.5,"id":2422070},{"ltp":1.08,"id":2309522}]}]}
{"op":"mcm","clk":"7593023541","pt":1538906324271,"mc":[{"id":"1.149182328","rc":[{"ltp":9.4,"id":2422070},{"ltp":1.13,"id":2309522}]}]}
{"op":"mcm","clk":"7593034655","pt":1538906383968,"mc":[{"id":"1.149182328","rc":[{"ltp":13.5,"id":2422070},{"ltp":1.08,"id":2309522}]}]}
{"op":"mcm","clk":"7593048361","pt":1538906444399,"mc":[{"id":"1.149182328","rc":[{"ltp":14.0,"id":2422070}]}]}
{"op":"mcm","clk":"7593062761","pt":1538906504617,"mc":[{"id":"1.149182328","rc":[{"ltp":12.0,"id":2422070},{"ltp":1.09,"id":2309522}]}]}
{"op":"mcm","clk":"7593075567","pt":1538906563664,"mc":[{"id":"1.149182328","rc":[{"ltp":19.0,"id":2422070},{"ltp":1.05,"id":2309522}]}]}
{"op":"mcm","clk":"7593088822","pt":1538906624602,"mc":[{"id":"1.149182328","rc":[{"ltp":32.0,"id":2422070},{"ltp":1.04,"id":2309522}]}]}
{"op":"mcm","clk":"7593100974","pt":1538906684564,"mc":[{"id":"1.149182328","rc":[{"ltp":50.0,"id":2422070},{"ltp":1.02,"id":2309522}]}]}
{"op":"mcm","clk":"7593112733","pt":1538906743548,"mc":[{"id":"1.149182328","rc":[{"ltp":55.0,"id":2422070},{"ltp":1.01,"id":2309522}]}]}
{"op":"mcm","clk":"7593126985","pt":1538906804298,"mc":[{"id":"1.149182328","rc":[{"ltp":120.0,"id":2422070}]}]}
{"op":"mcm","clk":"7593152376","pt":1538906863736,"mc":[{"id":"1.149182328","marketDefinition":{"bspMarket":false,"turnInPlayEnabled":true,"persistenceEnabled":true,"marketBaseRate":5.0,"eventId":"28942420","eventTypeId":"2","numberOfWinners":1,"bettingType":"ODDS","marketType":"MATCH_ODDS","marketTime":"2018-10-07T08:14:00.000Z","suspendTime":"2018-10-07T08:14:00.000Z","bspReconciled":false,"complete":true,"inPlay":true,"crossMatching":true,"runnersVoidable":false,"numberOfActiveRunners":2,"betDelay":5,"status":"SUSPENDED","runners":[{"status":"ACTIVE","sortPriority":1,"id":2422070,"name":"Anastasija Sevastova"},{"status":"ACTIVE","sortPriority":2,"id":2309522,"name":"Caroline Wozniacki"}],"regulators":["MR_INT"],"countryCode":"CN","discountAllowed":true,"timezone":"UTC","openDate":"2018-10-07T08:14:00.000Z","version":2443386160,"name":"Match Odds","eventName":"Sevastova v Wozniacki"},"rc":[{"ltp":100.0,"id":2422070},{"ltp":1.02,"id":2309522}]}]}
{"op":"mcm","clk":"7593162206","pt":1538906912241,"mc":[{"id":"1.149182328","marketDefinition":{"bspMarket":false,"turnInPlayEnabled":true,"persistenceEnabled":true,"marketBaseRate":5.0,"eventId":"28942420","eventTypeId":"2","numberOfWinners":1,"bettingType":"ODDS","marketType":"MATCH_ODDS","marketTime":"2018-10-07T08:14:00.000Z","suspendTime":"2018-10-07T08:14:00.000Z","bspReconciled":false,"complete":true,"inPlay":true,"crossMatching":false,"runnersVoidable":false,"numberOfActiveRunners":0,"betDelay":5,"status":"CLOSED","settledTime":"2018-10-07T10:08:01.000Z","runners":[{"status":"LOSER","sortPriority":1,"id":2422070,"name":"Anastasija Sevastova"},{"status":"WINNER","sortPriority":2,"id":2309522,"name":"Caroline Wozniacki"}],"regulators":["MR_INT"],"countryCode":"CN","discountAllowed":true,"timezone":"UTC","openDate":"2018-10-07T08:14:00.000Z","version":2443389369,"name":"Match Odds","eventName":"Sevastova v Wozniacki"}}]}
