{"op":"mcm","clk":"7729276958","pt":1539795900452,"mc":[{"id":"1.149733367","marketDefinition":{"bspMarket":false,"turnInPlayEnabled":true,"persistenceEnabled":true,"marketBaseRate":5.0,"eventId":"28961705","eventTypeId":"2","numberOfWinners":1,"bettingType":"ODDS","marketType":"MATCH_ODDS","marketTime":"2018-10-18T13:30:00.000Z","suspendTime":"2018-10-18T13:30:00.000Z","bspReconciled":false,"complete":true,"inPlay":false,"crossMatching":true,"runnersVoidable":false,"numberOfActiveRunners":2,"betDelay":0,"status":"OPEN","runners":[{"status":"ACTIVE","sortPriority":1,"id":7283310,"name":"Aliaksandra Sasnovich"},{"status":"ACTIVE","sortPriority":2,"id":5596561,"name":"Johanna Konta"}],"regulators":["MR_INT"],"countryCode":"RU","discountAllowed":true,"timezone":"UTC","openDate":"2018-10-18T13:30:00.000Z","version":2459562747,"name":"Match Odds","eventName":"Sasnovich v Konta"}}]}
{"op":"mcm","clk":"7730832986","pt":1539808176905,"mc":[{"id":"1.149733367","rc":[{"ltp":2.46,"id":7283310},{"ltp":1.68,"id":5596561}]}]}
{"op":"mcm","clk":"7731167324","pt":1539813093656,"mc":[{"id":"1.149733367","rc":[{"ltp":1.66,"id":5596561}]}]}
{"op":"mcm","clk":"7731336625","pt":1539815608797,"mc":[{"id":"1.149733367","rc":[{"ltp":2.4,"id":7283310}]}]}
{"op":"mcm","clk":"7732602021","pt":1539831919241,"mc":[{"id":"1.149733367","rc":[{"ltp":1.71,"id":5596561}]}]}
{"op":"mcm","clk":"7733111663","pt":1539842098539,"mc":[{"id":"1.149733367","rc":[{"ltp":1.67,"id":5596561}]}]}
{"op":"mcm","clk":"7733150692","pt":1539842760511,"mc":[{"id":"1.149733367","rc":[{"ltp":1.66,"id":5596561}]}]}
{"op":"mcm","clk":"7733152276","pt":1539842815086,"mc":[{"id":"1.149733367","rc":[{"ltp":1.67,"id":5596561}]}]}
{"op":"mcm","clk":"7733274687","pt":1539845052357,"mc":[{"id":"1.149733367","rc":[{"ltp":1.68,"id":5596561}]}]}
{"op":"mcm","clk":"7733284246","pt":1539845255359,"mc":[{"id":"1.149733367","rc":[{"ltp":1.67,"id":5596561}]}]}
{"op":"mcm","clk":"7733335289","pt":1539846110754,"mc":[{"id":"1.149733367","rc":[{"ltp":2.46,"id":7283310},{"ltp":1.69,"id":5596561}]}]}
{"op":"mcm","clk":"7733345580","pt":1539846284644,"mc":[{"id":"1.149733367","rc":[{"ltp":1.7,"id":5596561}]}]}
{"op":"mcm","clk":"7733383787","pt":1539846821928,"mc":[{"id":"1.149733367","rc":[{"ltp":1.68,"id":5596561}]}]}
{"op":"mcm","clk":"7733416957","pt":1539847351759,"mc":[{"id":"1.149733367","rc":[{"ltp":2.4,"id":7283310}]}]}
{"op":"mcm","clk":"7733463953","pt":1539847976165,"mc":[{"id":"1.149733367","rc":[{"ltp":1.71,"id":5596561}]}]}
{"op":"mcm","clk":"7733558271","pt":1539849562954,"mc":[{"id":"1.149733367","rc":[{"ltp":1.68,"id":5596561}]}]}
{"op":"mcm","clk":"7733583616","pt":1539850060482,"mc":[{"id":"1.149733367","rc":[{"ltp":2.48,"id":7283310}]}]}
{"op":"mcm","clk":"7733586443","pt":1539850113456,"mc":[{"id":"1.149733367","rc":[{"ltp":2.4,"id":7283310},{"ltp":1.71,"id":5596561}]}]}
{"op":"mcm","clk":"7733631684","pt":1539850778646,"mc":[{"id":"1.149733367","rc":[{"ltp":1.69,"id":5596561}]}]}
{"op":"mcm","clk":"7733633582","pt":1539850818973,"mc":[{"id":"1.149733367","rc":[{"ltp":2.42,"id":7283310},{"ltp":1.7,"id":5596561}]}]}
{"op":"mcm","clk":"7733677392","pt":1539851435713,"mc":[{"id":"1.149733367","rc":[{"ltp":1.69,"id":5596561}]}]}
{"op":"mcm","clk":"7733694880","pt":1539851716626,"mc":[{"id":"1.149733367","rc":[{"ltp":2.4,"id":7283310},{"ltp":1.71,"id":5596561}]}]}
{"op":"mcm","clk":"7733729485","pt":1539852154578,"mc":[{"id":"1.149733367","rc":[{"ltp":1.7,"id":5596561}]}]}
{"op":"mcm","clk":"7733872911","pt":1539854437467,"mc":[{"id":"1.149733367","rc":[{"ltp":1.69,"id":5596561}]}]}
{"op":"mcm","clk":"7733893967","pt":1539854783108,"mc":[{"id":"1.149733367","rc":[{"ltp":1.71,"id":5596561}]}]}
{"op":"mcm","clk":"7733981933","pt":1539855961592,"mc":[{"id":"1.149733367","rc":[{"ltp":2.38,"id":7283310},{"ltp":1.74,"id":5596561}]}]}
{"op":"mcm","clk":"7733985212","pt":1539856021342,"mc":[{"id":"1.149733367","rc":[{"ltp":2.36,"id":7283310}]}]}
{"op":"mcm","clk":"7733988708","pt":1539856081877,"mc":[{"id":"1.149733367","rc":[{"ltp":2.34,"id":7283310},{"ltp":1.75,"id":5596561}]}]}
{"op":"mcm","clk":"7733992181","pt":1539856140328,"mc":[{"id":"1.149733367","rc":[{"ltp":1.74,"id":5596561}]}]}
{"op":"mcm","clk":"7733995242","pt":1539856193415,"mc":[{"id":"1.149733367","rc":[{"ltp":2.36,"id":7283310},{"ltp":1.73,"id":5596561}]}]}
{"op":"mcm","clk":"7733998613","pt":1539856258978,"mc":[{"id":"1.149733367","rc":[{"ltp":2.34,"id":7283310}]}]}
{"op":"mcm","clk":"7734004940","pt":1539856377593,"mc":[{"id":"1.149733367","rc":[{"ltp":2.38,"id":7283310}]}]}
{"op":"mcm","clk":"7734066879","pt":1539857123294,"mc":[{"id":"1.149733367","rc":[{"ltp":2.36,"id":7283310}]}]}
{"op":"mcm","clk":"7734186957","pt":1539858470839,"mc":[{"id":"1.149733367","rc":[{"ltp":1.74,"id":5596561}]}]}
{"op":"mcm","clk":"7734203931","pt":1539858694538,"mc":[{"id":"1.149733367","rc":[{"ltp":2.38,"id":7283310}]}]}
{"op":"mcm","clk":"7734217378","pt":1539858878012,"mc":[{"id":"1.149733367","rc":[{"ltp":2.36,"id":7283310},{"ltp":1.72,"id":5596561}]}]}
{"op":"mcm","clk":"7734230870","pt":1539859076952,"mc":[{"id":"1.149733367","rc":[{"ltp":2.4,"id":7283310}]}]}
{"op":"mcm","clk":"7734263071","pt":1539859365539,"mc":[{"id":"1.149733367","rc":[{"ltp":2.36,"id":7283310},{"ltp":1.74,"id":5596561}]}]}
{"op":"mcm","clk":"7734277794","pt":1539859588964,"mc":[{"id":"1.149733367","rc":[{"ltp":1.72,"id":5596561}]}]}
{"op":"mcm","clk":"7734322071","pt":1539860208077,"mc":[{"id":"1.149733367","rc":[{"ltp":2.38,"id":7283310}]}]}
{"op":"mcm","clk":"7734377775","pt":1539860816197,"mc":[{"id":"1.149733367","rc":[{"ltp":1.73,"id":5596561}]}]}
{"op":"mcm","clk":"7734382469","pt":1539860878481,"mc":[{"id":"1.149733367","rc":[{"ltp":1.72,"id":5596561}]}]}
{"op":"mcm","clk":"7734397780","pt":1539861058799,"mc":[{"id":"1.149733367","rc":[{"ltp":2.4,"id":7283310}]}]}
{"op":"mcm","clk":"7734402868","pt":1539861121595,"mc":[{"id":"1.149733367","rc":[{"ltp":2.36,"id":7283310},{"ltp":1.73,"id":5596561}]}]}
{"op":"mcm","clk":"7734419168","pt":1539861169742,"mc":[{"id":"1.149733367","rc":[{"ltp":1.74,"id":5596561}]}]}
{"op":"mcm","clk":"7734444522","pt":1539861515587,"mc":[{"id":"1.149733367","rc":[{"ltp":2.38,"id":7283310}]}]}
{"op":"mcm","clk":"7734457019","pt":1539861704673,"mc":[{"id":"1.149733367","rc":[{"ltp":2.34,"id":7283310}]}]}
{"op":"mcm","clk":"7734548872","pt":1539862848575,"mc":[{"id":"1.149733367","rc":[{"ltp":1.73,"id":5596561}]}]}
{"op":"mcm","clk":"7734642382","pt":1539863932247,"mc":[{"id":"1.149733367","rc":[{"ltp":2.36,"id":7283310}]}]}
{"op":"mcm","clk":"7734654024","pt":1539864121758,"mc":[{"id":"1.149733367","rc":[{"ltp":1.74,"id":5596561}]}]}
{"op":"mcm","clk":"7734657335","pt":1539864181892,"mc":[{"id":"1.149733367","rc":[{"ltp":2.4,"id":7283310},{"ltp":1.72,"id":5596561}]}]}
{"op":"mcm","clk":"7734663581","pt":1539864300561,"mc":[{"id":"1.149733367","rc":[{"ltp":1.73,"id":5596561}]}]}
{"op":"mcm","clk":"7734686540","pt":1539864686807,"mc":[{"id":"1.149733367","rc":[{"ltp":2.38,"id":7283310}]}]}
{"op":"mcm","clk":"7734717341","pt":1539864961950,"mc":[{"id":"1.149733367","rc":[{"ltp":2.36,"id":7283310}]}]}
{"op":"mcm","clk":"7734719386","pt":1539864990309,"mc":[{"id":"1.149733367","rc":[{"ltp":1.74,"id":5596561}]}]}
{"op":"mcm","clk":"7734731237","pt":1539865189383,"mc":[{"id":"1.149733367","rc":[{"ltp":2.38,"id":7283310}]}]}
{"op":"mcm","clk":"7734745069","pt":1539865414481,"mc":[{"id":"1.149733367","rc":[{"ltp":1.73,"id":5596561}]}]}
{"op":"mcm","clk":"7734772317","pt":1539865660051,"mc":[{"id":"1.149733367","rc":[{"ltp":1.72,"id":5596561}]}]}
{"op":"mcm","clk":"7734781329","pt":1539865801938,"mc":[{"id":"1.149733367","rc":[{"ltp":1.71,"id":5596561}]}]}
{"op":"mcm","clk":"7734784796","pt":1539865850327,"mc":[{"id":"1.149733367","rc":[{"ltp":2.36,"id":7283310},{"ltp":1.73,"id":5596561}]}]}
{"op":"mcm","clk":"7734792859","pt":1539865981831,"mc":[{"id":"1.149733367","rc":[{"ltp":1.72,"id":5596561}]}]}
{"op":"mcm","clk":"7734795573","pt":1539866029932,"mc":[{"id":"1.149733367","rc":[{"ltp":1.73,"id":5596561}]}]}
{"op":"mcm","clk":"7734799240","pt":1539866095993,"mc":[{"id":"1.149733367","rc":[{"ltp":1.74,"id":5596561}]}]}
{"op":"mcm","clk":"7734802860","pt":1539866153388,"mc":[{"id":"1.149733367","rc":[{"ltp":2.38,"id":7283310},{"ltp":1.73,"id":5596561}]}]}
{"op":"mcm","clk":"7734825061","pt":1539866496323,"mc":[{"id":"1.149733367","rc":[{"ltp":1.72,"id":5596561}]}]}
{"op":"mcm","clk":"7734847907","pt":1539866641915,"mc":[{"id":"1.149733367","rc":[{"ltp":2.34,"id":7283310},{"ltp":1.74,"id":5596561}]}]}
{"op":"mcm","clk":"7734851547","pt":1539866693548,"mc":[{"id":"1.149733367","rc":[{"ltp":2.38,"id":7283310},{"ltp":1.75,"id":5596561}]}]}
{"op":"mcm","clk":"7734859666","pt":1539866808859,"mc":[{"id":"1.149733367","rc":[{"ltp":2.36,"id":7283310}]}]}
{"op":"mcm","clk":"7734864314","pt":1539866869304,"mc":[{"id":"1.149733367","rc":[{"ltp":2.34,"id":7283310},{"ltp":1.73,"id":5596561}]}]}
{"op":"mcm","clk":"7734869244","pt":1539866935439,"mc":[{"id":"1.149733367","rc":[{"ltp":1.75,"id":5596561}]}]}
{"op":"mcm","clk":"7734874163","pt":1539866997157,"mc":[{"id":"1.149733367","rc":[{"ltp":2.36,"id":7283310},{"ltp":1.74,"id":5596561}]}]}
{"op":"mcm","clk":"7734878974","pt":1539867060155,"mc":[{"id":"1.149733367","rc":[{"ltp":1.75,"id":5596561}]}]}
{"op":"mcm","clk":"7734883711","pt":1539867120381,"mc":[{"id":"1.149733367","rc":[{"ltp":2.34,"id":7283310}]}]}
{"op":"mcm","clk":"7734888381","pt":1539867181571,"mc":[{"id":"1.149733367","rc":[{"ltp":2.32,"id":7283310}]}]}
{"op":"mcm","clk":"7734931940","pt":1539867598245,"mc":[{"id":"1.149733367","rc":[{"ltp":2.34,"id":7283310},{"ltp":1.76,"id":5596561}]}]}
{"op":"mcm","clk":"7734936733","pt":1539867660002,"mc":[{"id":"1.149733367","rc":[{"ltp":2.32,"id":7283310}]}]}
{"op":"mcm","clk":"7734937538","pt":1539867669727,"mc":[{"id":"1.149733367","rc":[{"ltp":1.75,"id":5596561}]}]}
{"op":"mcm","clk":"7734963891","pt":1539867959953,"mc":[{"id":"1.149733367","rc":[{"ltp":1.76,"id":5596561}]}]}
{"op":"mcm","clk":"7734981963","pt":1539868136396,"mc":[{"id":"1.149733367","rc":[{"ltp":2.3,"id":7283310}]}]}
{"op":"mcm","clk":"7734986953","pt":1539868194869,"mc":[{"id":"1.149733367","rc":[{"ltp":2.28,"id":7283310},{"ltp":1.77,"id":5596561}]}]}
{"op":"mcm","clk":"7734992936","pt":1539868261462,"mc":[{"id":"1.149733367","rc":[{"ltp":1.78,"id":5596561}]}]}
{"op":"mcm","clk":"7735015632","pt":1539868379719,"mc":[{"id":"1.149733367","rc":[{"ltp":2.26,"id":7283310},{"ltp":1.79,"id":5596561}]}]}
{"op":"mcm","clk":"7735025649","pt":1539868496477,"mc":[{"id":"1.149733367","rc":[{"ltp":1.78,"id":5596561}]}]}
{"op":"mcm","clk":"7735030829","pt":1539868561882,"mc":[{"id":"1.149733367","rc":[{"ltp":1.79,"id":5596561}]}]}
{"op":"mcm","clk":"7735040934","pt":1539868680777,"mc":[{"id":"1.149733367","rc":[{"ltp":2.28,"id":7283310}]}]}
{"op":"mcm","clk":"7735046563","pt":1539868740424,"mc":[{"id":"1.149733367","rc":[{"ltp":2.24,"id":7283310},{"ltp":1.8,"id":5596561}]}]}
{"op":"mcm","clk":"7735052722","pt":1539868801950,"mc":[{"id":"1.149733367","rc":[{"ltp":1.79,"id":5596561}]}]}
{"op":"mcm","clk":"7735058842","pt":1539868861919,"mc":[{"id":"1.149733367","rc":[{"ltp":2.26,"id":7283310}]}]}
{"op":"mcm","clk":"7735070788","pt":1539868979851,"mc":[{"id":"1.149733367","rc":[{"ltp":2.28,"id":7283310},{"ltp":1.78,"id":5596561}]}]}
{"op":"mcm","clk":"7735075598","pt":1539869032092,"mc":[{"id":"1.149733367","rc":[{"ltp":2.3,"id":7283310},{"ltp":1.79,"id":5596561}]}]}
{"op":"mcm","clk":"7735079998","pt":1539869082533,"mc":[{"id":"1.149733367","rc":[{"ltp":2.28,"id":7283310},{"ltp":1.78,"id":5596561}]}]}
{"op":"mcm","clk":"7735086854","pt":1539869158647,"mc":[{"id":"1.149733367","rc":[{"ltp":1.79,"id":5596561}]}]}
{"op":"mcm","clk":"7735090912","pt":1539869205951,"mc":[{"id":"1.149733367","rc":[{"ltp":1.78,"id":5596561}]}]}
{"op":"mcm","clk":"7735109488","pt":1539869280033,"mc":[{"id":"1.149733367","rc":[{"ltp":1.79,"id":5596561}]}]}
{"op":"mcm","clk":"7735114086","pt":1539869339196,"mc":[{"id":"1.149733367","marketDefinition":{"bspMarket":false,"turnInPlayEnabled":true,"persistenceEnabled":true,"marketBaseRate":5.0,"eventId":"28961705","eventTypeId":"2","numberOfWinners":1,"bettingType":"ODDS","marketType":"MATCH_ODDS","marketTime":"2018-10-18T13:24:00.000Z","suspendTime":"2018-10-18T13:24:00.000Z","bspReconciled":false,"complete":true,"inPlay":false,"crossMatching":true,"runnersVoidable":false,"numberOfActiveRunners":2,"betDelay":0,"status":"OPEN","runners":[{"status":"ACTIVE","sortPriority":1,"id":7283310,"name":"Aliaksandra Sasnovich"},{"status":"ACTIVE","sortPriority":2,"id":5596561,"name":"Johanna Konta"}],"regulators":["MR_INT"],"countryCode":"RU","discountAllowed":true,"timezone":"UTC","openDate":"2018-10-18T13:24:00.000Z","version":2460560696,"name":"Match Odds","eventName":"Sasnovich v Konta"},"rc":[{"ltp":1.78,"id":5596561}]}]}
{"op":"mcm","clk":"7735128322","pt":1539869517725,"mc":[{"id":"1.149733367","rc":[{"ltp":1.79,"id":5596561}]}]}
{"op":"mcm","clk":"7735133174","pt":1539869581344,"mc":[{"id":"1.149733367","rc":[{"ltp":2.26,"id":7283310},{"ltp":1.78,"id":5596561}]}]}
{"op":"mcm","clk":"7735137269","pt":1539869640823,"mc":[{"id":"1.149733367","rc":[{"ltp":1.79,"id":5596561}]}]}
{"op":"mcm","clk":"7735141453","pt":1539869700931,"mc":[{"id":"1.149733367","rc":[{"ltp":1.78,"id":5596561}]}]}
{"op":"mcm","clk":"7735146393","pt":1539869761276,"mc":[{"id":"1.149733367","rc":[{"ltp":2.3,"id":7283310},{"ltp":1.77,"id":5596561}]}]}
{"op":"mcm","clk":"7735151917","pt":1539869821553,"mc":[{"id":"1.149733367","rc":[{"ltp":2.34,"id":7283310},{"ltp":1.74,"id":5596561}]}]}
{"op":"mcm","clk":"7735157400","pt":1539869879274,"mc":[{"id":"1.149733367","rc":[{"ltp":1.75,"id":5596561}]}]}
{"op":"mcm","clk":"7735163479","pt":1539869939835,"mc":[{"id":"1.149733367","rc":[{"ltp":1.73,"id":5596561}]}]}
{"op":"mcm","clk":"7735169658","pt":1539869998188,"mc":[{"id":"1.149733367","rc":[{"ltp":2.3,"id":7283310}]}]}
{"op":"mcm","clk":"7735176676","pt":1539870061262,"mc":[{"id":"1.149733367","marketDefinition":{"bspMarket":false,"turnInPlayEnabled":true,"persistenceEnabled":true,"marketBaseRate":5.0,"eventId":"28961705","eventTypeId":"2","numberOfWinners":1,"bettingType":"ODDS","marketType":"MATCH_ODDS","marketTime":"2018-10-18T13:24:00.000Z","suspendTime":"2018-10-18T13:24:00.000Z","bspReconciled":false,"complete":true,"inPlay":true,"crossMatching":true,"runnersVoidable":false,"numberOfActiveRunners":2,"betDelay":5,"status":"OPEN","runners":[{"status":"ACTIVE","sortPriority":1,"id":7283310,"name":"Aliaksandra Sasnovich"},{"status":"ACTIVE","sortPriority":2,"id":5596561,"name":"Johanna Konta"}],"regulators":["MR_INT"],"countryCode":"RU","discountAllowed":true,"timezone":"UTC","openDate":"2018-10-18T13:24:00.000Z","version":2460568662,"name":"Match Odds","eventName":"Sasnovich v Konta"},"rc":[{"ltp":2.4,"id":7283310},{"ltp":1.69,"id":5596561}]}]}
{"op":"mcm","clk":"7735183292","pt":1539870121923,"mc":[{"id":"1.149733367","rc":[{"ltp":2.26,"id":7283310},{"ltp":1.79,"id":5596561}]}]}
{"op":"mcm","clk":"7735202067","pt":1539870181945,"mc":[{"id":"1.149733367","rc":[{"ltp":1.68,"id":5596561}]}]}
{"op":"mcm","clk":"7735207477","pt":1539870239449,"mc":[{"id":"1.149733367","rc":[{"ltp":2.22,"id":7283310},{"ltp":1.82,"id":5596561}]}]}
{"op":"mcm","clk":"7735213036","pt":1539870301518,"mc":[{"id":"1.149733367","rc":[{"ltp":2.26,"id":7283310},{"ltp":1.79,"id":5596561}]}]}
{"op":"mcm","clk":"7735218644","pt":1539870361546,"mc":[{"id":"1.149733367","rc":[{"ltp":2.52,"id":7283310},{"ltp":1.62,"id":5596561}]}]}
{"op":"mcm","clk":"7735224362","pt":1539870421706,"mc":[{"id":"1.149733367","rc":[{"ltp":2.56,"id":7283310},{"ltp":1.58,"id":5596561}]}]}
{"op":"mcm","clk":"7735230077","pt":1539870481679,"mc":[{"id":"1.149733367","rc":[{"ltp":2.4,"id":7283310},{"ltp":1.71,"id":5596561}]}]}
{"op":"mcm","clk":"7735235332","pt":1539870541950,"mc":[{"id":"1.149733367","rc":[{"ltp":2.74,"id":7283310},{"ltp":1.57,"id":5596561}]}]}
{"op":"mcm","clk":"7735240746","pt":1539870601821,"mc":[{"id":"1.149733367","rc":[{"ltp":2.4,"id":7283310},{"ltp":1.72,"id":5596561}]}]}
{"op":"mcm","clk":"7735246225","pt":1539870661957,"mc":[{"id":"1.149733367","rc":[{"ltp":2.32,"id":7283310},{"ltp":1.78,"id":5596561}]}]}
{"op":"mcm","clk":"7735251879","pt":1539870721886,"mc":[{"id":"1.149733367","rc":[{"ltp":2.26,"id":7283310},{"ltp":1.79,"id":5596561}]}]}
{"op":"mcm","clk":"7735257486","pt":1539870781256,"mc":[{"id":"1.149733367","rc":[{"ltp":2.36,"id":7283310},{"ltp":1.75,"id":5596561}]}]}
{"op":"mcm","clk":"7735262981","pt":1539870841711,"mc":[{"id":"1.149733367","rc":[{"ltp":2.56,"id":7283310},{"ltp":1.63,"id":5596561}]}]}
{"op":"mcm","clk":"7735268246","pt":1539870901268,"mc":[{"id":"1.149733367","rc":[{"ltp":2.52,"id":7283310},{"ltp":1.65,"id":5596561}]}]}
{"op":"mcm","clk":"7735273874","pt":1539870961790,"mc":[{"id":"1.149733367","rc":[{"ltp":2.6,"id":7283310},{"ltp":1.63,"id":5596561}]}]}
{"op":"mcm","clk":"7735279683","pt":1539871021960,"mc":[{"id":"1.149733367","rc":[{"ltp":3.2,"id":7283310},{"ltp":1.46,"id":5596561}]}]}
{"op":"mcm","clk":"7735297867","pt":1539871081819,"mc":[{"id":"1.149733367","rc":[{"ltp":2.6,"id":7283310},{"ltp":1.61,"id":5596561}]}]}
{"op":"mcm","clk":"7735303804","pt":1539871141910,"mc":[{"id":"1.149733367","rc":[{"ltp":2.42,"id":7283310},{"ltp":1.81,"id":5596561}]}]}
{"op":"mcm","clk":"7735309610","pt":1539871201951,"mc":[{"id":"1.149733367","rc":[{"ltp":2.24,"id":7283310},{"ltp":1.73,"id":5596561}]}]}
{"op":"mcm","clk":"7735316510","pt":1539871261460,"mc":[{"id":"1.149733367","rc":[{"ltp":2.5,"id":7283310},{"ltp":1.66,"id":5596561}]}]}
{"op":"mcm","clk":"7735323885","pt":1539871321785,"mc":[{"id":"1.149733367","rc":[{"ltp":2.68,"id":7283310},{"ltp":1.61,"id":5596561}]}]}
{"op":"mcm","clk":"7735330145","pt":1539871379933,"mc":[{"id":"1.149733367","rc":[{"ltp":2.62,"id":7283310},{"ltp":1.6,"id":5596561}]}]}
{"op":"mcm","clk":"7735336323","pt":1539871441920,"mc":[{"id":"1.149733367","rc":[{"ltp":2.88,"id":7283310},{"ltp":1.53,"id":5596561}]}]}
{"op":"mcm","clk":"7735342163","pt":1539871501810,"mc":[{"id":"1.149733367","rc":[{"ltp":3.75,"id":7283310},{"ltp":1.36,"id":5596561}]}]}
{"op":"mcm","clk":"7735348227","pt":1539871561898,"mc":[{"id":"1.149733367","rc":[{"ltp":3.4,"id":7283310},{"ltp":1.4,"id":5596561}]}]}
{"op":"mcm","clk":"7735354524","pt":1539871621821,"mc":[{"id":"1.149733367","rc":[{"ltp":4.1,"id":7283310},{"ltp":1.33,"id":5596561}]}]}
{"op":"mcm","clk":"7735361007","pt":1539871681911,"mc":[{"id":"1.149733367","rc":[{"ltp":3.8,"id":7283310},{"ltp":1.37,"id":5596561}]}]}
{"op":"mcm","clk":"7735367748","pt":1539871741522,"mc":[{"id":"1.149733367","rc":[{"ltp":3.95,"id":7283310}]}]}
{"op":"mcm","clk":"7735374134","pt":1539871801715,"mc":[{"id":"1.149733367","rc":[{"ltp":1.35,"id":5596561}]}]}
{"op":"mcm","clk":"7735380216","pt":1539871861905,"mc":[{"id":"1.149733367","rc":[{"ltp":4.7,"id":7283310},{"ltp":1.25,"id":5596561}]}]}
{"op":"mcm","clk":"7735385709","pt":1539871921877,"mc":[{"id":"1.149733367","rc":[{"ltp":4.9,"id":7283310},{"ltp":1.27,"id":5596561}]}]}
{"op":"mcm","clk":"7735403160","pt":1539871981931,"mc":[{"id":"1.149733367","rc":[{"ltp":4.8,"id":7283310}]}]}
{"op":"mcm","clk":"7735408907","pt":1539872041618,"mc":[{"id":"1.149733367","rc":[{"ltp":5.5,"id":7283310},{"ltp":1.2,"id":5596561}]}]}
{"op":"mcm","clk":"7735415720","pt":1539872101116,"mc":[{"id":"1.149733367","rc":[{"ltp":6.0,"id":7283310}]}]}
{"op":"mcm","clk":"7735422399","pt":1539872161950,"mc":[{"id":"1.149733367","rc":[{"ltp":6.2,"id":7283310}]}]}
{"op":"mcm","clk":"7735436003","pt":1539872281588,"mc":[{"id":"1.149733367","rc":[{"ltp":5.3,"id":7283310},{"ltp":1.23,"id":5596561}]}]}
{"op":"mcm","clk":"7735443027","pt":1539872341401,"mc":[{"id":"1.149733367","rc":[{"ltp":6.0,"id":7283310},{"ltp":1.25,"id":5596561}]}]}
{"op":"mcm","clk":"7735450428","pt":1539872401762,"mc":[{"id":"1.149733367","rc":[{"ltp":5.0,"id":7283310}]}]}
{"op":"mcm","clk":"7735457035","pt":1539872461942,"mc":[{"id":"1.149733367","rc":[{"ltp":5.8,"id":7283310}]}]}
{"op":"mcm","clk":"7735463339","pt":1539872521946,"mc":[{"id":"1.149733367","rc":[{"ltp":5.7,"id":7283310},{"ltp":1.21,"id":5596561}]}]}
{"op":"mcm","clk":"7735469672","pt":1539872581402,"mc":[{"id":"1.149733367","rc":[{"ltp":5.6,"id":7283310}]}]}
{"op":"mcm","clk":"7735476150","pt":1539872641591,"mc":[{"id":"1.149733367","rc":[{"ltp":6.0,"id":7283310}]}]}
{"op":"mcm","clk":"7735483577","pt":1539872701326,"mc":[{"id":"1.149733367","rc":[{"ltp":6.2,"id":7283310}]}]}
{"op":"mcm","clk":"7735491167","pt":1539872761391,"mc":[{"id":"1.149733367","rc":[{"ltp":4.7,"id":7283310},{"ltp":1.27,"id":5596561}]}]}
{"op":"mcm","clk":"7735499139","pt":1539872821320,"mc":[{"id":"1.149733367","rc":[{"ltp":5.8,"id":7283310},{"ltp":1.21,"id":5596561}]}]}
{"op":"mcm","clk":"7735519489","pt":1539872881914,"mc":[{"id":"1.149733367","rc":[{"ltp":5.5,"id":7283310},{"ltp":1.22,"id":5596561}]}]}
{"op":"mcm","clk":"7735527667","pt":1539872941602,"mc":[{"id":"1.149733367","rc":[{"ltp":5.6,"id":7283310}]}]}
{"op":"mcm","clk":"7735535677","pt":1539873001274,"mc":[{"id":"1.149733367","rc":[{"ltp":5.3,"id":7283310}]}]}
{"op":"mcm","clk":"7735543646","pt":1539873061580,"mc":[{"id":"1.149733367","rc":[{"ltp":4.5,"id":7283310},{"ltp":1.29,"id":5596561}]}]}
{"op":"mcm","clk":"7735551598","pt":1539873121951,"mc":[{"id":"1.149733367","rc":[{"ltp":3.6,"id":7283310},{"ltp":1.38,"id":5596561}]}]}
{"op":"mcm","clk":"7735558656","pt":1539873181899,"mc":[{"id":"1.149733367","rc":[{"ltp":3.35,"id":7283310},{"ltp":1.41,"id":5596561}]}]}
{"op":"mcm","clk":"7735565709","pt":1539873241329,"mc":[{"id":"1.149733367","rc":[{"ltp":3.6,"id":7283310},{"ltp":1.43,"id":5596561}]}]}
{"op":"mcm","clk":"7735573194","pt":1539873301598,"mc":[{"id":"1.149733367","rc":[{"ltp":2.96,"id":7283310},{"ltp":1.49,"id":5596561}]}]}
{"op":"mcm","clk":"7735580777","pt":1539873361934,"mc":[{"id":"1.149733367","rc":[{"ltp":2.68,"id":7283310},{"ltp":1.59,"id":5596561}]}]}
{"op":"mcm","clk":"7735587807","pt":1539873421783,"mc":[{"id":"1.149733367","rc":[{"ltp":1.63,"id":5596561}]}]}
{"op":"mcm","clk":"7735595742","pt":1539873481879,"mc":[{"id":"1.149733367","rc":[{"ltp":2.32,"id":7283310},{"ltp":1.76,"id":5596561}]}]}
{"op":"mcm","clk":"7735603969","pt":1539873541736,"mc":[{"id":"1.149733367","rc":[{"ltp":2.78,"id":7283310},{"ltp":1.56,"id":5596561}]}]}
{"op":"mcm","clk":"7735611482","pt":1539873601759,"mc":[{"id":"1.149733367","rc":[{"ltp":3.0,"id":7283310},{"ltp":1.44,"id":5596561}]}]}
{"op":"mcm","clk":"7735618408","pt":1539873661565,"mc":[{"id":"1.149733367","rc":[{"ltp":3.2,"id":7283310},{"ltp":1.45,"id":5596561}]}]}
{"op":"mcm","clk":"7735625057","pt":1539873721360,"mc":[{"id":"1.149733367","rc":[{"ltp":3.15,"id":7283310}]}]}
{"op":"mcm","clk":"7735643507","pt":1539873781354,"mc":[{"id":"1.149733367","rc":[{"ltp":2.96,"id":7283310},{"ltp":1.51,"id":5596561}]}]}
{"op":"mcm","clk":"7735649358","pt":1539873841939,"mc":[{"id":"1.149733367","rc":[{"ltp":2.66,"id":7283310},{"ltp":1.6,"id":5596561}]}]}
{"op":"mcm","clk":"7735662630","pt":1539873961309,"mc":[{"id":"1.149733367","rc":[{"ltp":2.72,"id":7283310},{"ltp":1.56,"id":5596561}]}]}
{"op":"mcm","clk":"7735669801","pt":1539874021744,"mc":[{"id":"1.149733367","rc":[{"ltp":2.58,"id":7283310},{"ltp":1.64,"id":5596561}]}]}
{"op":"mcm","clk":"7735676313","pt":1539874081686,"mc":[{"id":"1.149733367","rc":[{"ltp":2.22,"id":7283310},{"ltp":1.78,"id":5596561}]}]}
{"op":"mcm","clk":"7735682417","pt":1539874141895,"mc":[{"id":"1.149733367","rc":[{"ltp":2.0,"id":7283310},{"ltp":2.0,"id":5596561}]}]}
{"op":"mcm","clk":"7735688139","pt":1539874201753,"mc":[{"id":"1.149733367","rc":[{"ltp":1.95,"id":7283310},{"ltp":2.06,"id":5596561}]}]}
{"op":"mcm","clk":"7735694011","pt":1539874261864,"mc":[{"id":"1.149733367","rc":[{"ltp":1.87,"id":7283310},{"ltp":2.16,"id":5596561}]}]}
{"op":"mcm","clk":"7735699465","pt":1539874321647,"mc":[{"id":"1.149733367","rc":[{"ltp":1.82,"id":7283310},{"ltp":2.18,"id":5596561}]}]}
{"op":"mcm","clk":"7735704591","pt":1539874381958,"mc":[{"id":"1.149733367","rc":[{"ltp":1.77,"id":7283310},{"ltp":2.3,"id":5596561}]}]}
{"op":"mcm","clk":"7735710369","pt":1539874441840,"mc":[{"id":"1.149733367","rc":[{"ltp":1.72,"id":7283310},{"ltp":2.38,"id":5596561}]}]}
{"op":"mcm","clk":"7735716994","pt":1539874501931,"mc":[{"id":"1.149733367","rc":[{"ltp":2.42,"id":5596561}]}]}
{"op":"mcm","clk":"7735723099","pt":1539874561932,"mc":[{"id":"1.149733367","rc":[{"ltp":2.34,"id":5596561}]}]}
{"op":"mcm","clk":"7735729097","pt":1539874621957,"mc":[{"id":"1.149733367","rc":[{"ltp":1.76,"id":7283310}]}]}
{"op":"mcm","clk":"7735747298","pt":1539874681621,"mc":[{"id":"1.149733367","rc":[{"ltp":1.77,"id":7283310},{"ltp":2.3,"id":5596561}]}]}
{"op":"mcm","clk":"7735752993","pt":1539874741792,"mc":[{"id":"1.149733367","rc":[{"ltp":1.74,"id":7283310},{"ltp":2.34,"id":5596561}]}]}
{"op":"mcm","clk":"7735758632","pt":1539874801325,"mc":[{"id":"1.149733367","rc":[{"ltp":1.81,"id":7283310},{"ltp":2.26,"id":5596561}]}]}
{"op":"mcm","clk":"7735764630","pt":1539874861726,"mc":[{"id":"1.149733367","rc":[{"ltp":2.28,"id":5596561}]}]}
{"op":"mcm","clk":"7735770573","pt":1539874921856,"mc":[{"id":"1.149733367","rc":[{"ltp":1.76,"id":7283310},{"ltp":2.32,"id":5596561}]}]}
{"op":"mcm","clk":"7735776267","pt":1539874981933,"mc":[{"id":"1.149733367","rc":[{"ltp":1.73,"id":7283310},{"ltp":2.36,"id":5596561}]}]}
{"op":"mcm","clk":"7735781585","pt":1539875041960,"mc":[{"id":"1.149733367","rc":[{"ltp":1.76,"id":7283310},{"ltp":2.3,"id":5596561}]}]}
{"op":"mcm","clk":"7735787038","pt":1539875100915,"mc":[{"id":"1.149733367","rc":[{"ltp":1.74,"id":7283310},{"ltp":2.34,"id":5596561}]}]}
{"op":"mcm","clk":"7735792832","pt":1539875161953,"mc":[{"id":"1.149733367","rc":[{"ltp":1.68,"id":7283310},{"ltp":2.44,"id":5596561}]}]}
{"op":"mcm","clk":"7735798581","pt":1539875221901,"mc":[{"id":"1.149733367","rc":[{"ltp":1.86,"id":7283310},{"ltp":2.18,"id":5596561}]}]}
{"op":"mcm","clk":"7735804052","pt":1539875281896,"mc":[{"id":"1.149733367","rc":[{"ltp":1.69,"id":7283310},{"ltp":2.44,"id":5596561}]}]}
{"op":"mcm","clk":"7735810283","pt":1539875341714,"mc":[{"id":"1.149733367","rc":[{"ltp":2.06,"id":7283310},{"ltp":1.97,"id":5596561}]}]}
{"op":"mcm","clk":"7735815707","pt":1539875401952,"mc":[{"id":"1.149733367","rc":[{"ltp":2.3,"id":7283310},{"ltp":1.77,"id":5596561}]}]}
{"op":"mcm","clk":"7735820336","pt":1539875461751,"mc":[{"id":"1.149733367","rc":[{"ltp":2.08,"id":7283310},{"ltp":1.9,"id":5596561}]}]}
{"op":"mcm","clk":"7735825109","pt":1539875521780,"mc":[{"id":"1.149733367","rc":[{"ltp":3.0,"id":7283310},{"ltp":1.51,"id":5596561}]}]}
{"op":"mcm","clk":"7735842945","pt":1539875581729,"mc":[{"id":"1.149733367","rc":[{"ltp":2.18,"id":7283310},{"ltp":1.85,"id":5596561}]}]}
{"op":"mcm","clk":"7735848565","pt":1539875641854,"mc":[{"id":"1.149733367","rc":[{"ltp":1.78,"id":7283310},{"ltp":2.22,"id":5596561}]}]}
{"op":"mcm","clk":"7735854285","pt":1539875701945,"mc":[{"id":"1.149733367","rc":[{"ltp":1.63,"id":7283310},{"ltp":2.58,"id":5596561}]}]}
{"op":"mcm","clk":"7735860293","pt":1539875761909,"mc":[{"id":"1.149733367","rc":[{"ltp":1.49,"id":7283310},{"ltp":3.05,"id":5596561}]}]}
{"op":"mcm","clk":"7735865557","pt":1539875821948,"mc":[{"id":"1.149733367","rc":[{"ltp":1.51,"id":7283310},{"ltp":2.94,"id":5596561}]}]}
{"op":"mcm","clk":"7735871291","pt":1539875881887,"mc":[{"id":"1.149733367","rc":[{"ltp":1.75,"id":7283310},{"ltp":2.36,"id":5596561}]}]}
{"op":"mcm","clk":"7735877080","pt":1539875941938,"mc":[{"id":"1.149733367","rc":[{"ltp":1.91,"id":7283310},{"ltp":2.08,"id":5596561}]}]}
{"op":"mcm","clk":"7735882641","pt":1539876001800,"mc":[{"id":"1.149733367","rc":[{"ltp":1.95,"id":7283310},{"ltp":2.04,"id":5596561}]}]}
{"op":"mcm","clk":"7735887394","pt":1539876061774,"mc":[{"id":"1.149733367","rc":[{"ltp":2.16,"id":7283310},{"ltp":1.86,"id":5596561}]}]}
{"op":"mcm","clk":"7735892451","pt":1539876121899,"mc":[{"id":"1.149733367","rc":[{"ltp":1.85,"id":5596561}]}]}
{"op":"mcm","clk":"7735897573","pt":1539876181948,"mc":[{"id":"1.149733367","rc":[{"ltp":2.18,"id":7283310},{"ltp":1.86,"id":5596561}]}]}
{"op":"mcm","clk":"7735902817","pt":1539876241521,"mc":[{"id":"1.149733367","rc":[{"ltp":1.87,"id":5596561}]}]}
{"op":"mcm","clk":"7735908558","pt":1539876301683,"mc":[{"id":"1.149733367","rc":[{"ltp":2.02,"id":7283310},{"ltp":1.98,"id":5596561}]}]}
{"op":"mcm","clk":"7735914276","pt":1539876361591,"mc":[{"id":"1.149733367","rc":[{"ltp":2.0,"id":7283310},{"ltp":1.97,"id":5596561}]}]}
{"op":"mcm","clk":"7735919876","pt":1539876421888,"mc":[{"id":"1.149733367","rc":[{"ltp":1.85,"id":7283310},{"ltp":2.18,"id":5596561}]}]}
{"op":"mcm","clk":"7735937977","pt":1539876481852,"mc":[{"id":"1.149733367","rc":[{"ltp":1.74,"id":7283310},{"ltp":2.34,"id":5596561}]}]}
{"op":"mcm","clk":"7735948651","pt":1539876601847,"mc":[{"id":"1.149733367","rc":[{"ltp":1.56,"id":7283310},{"ltp":2.78,"id":5596561}]}]}
{"op":"mcm","clk":"7735953806","pt":1539876661886,"mc":[{"id":"1.149733367","rc":[{"ltp":1.47,"id":7283310},{"ltp":3.55,"id":5596561}]}]}
{"op":"mcm","clk":"7735958743","pt":1539876721378,"mc":[{"id":"1.149733367","rc":[{"ltp":1.68,"id":7283310},{"ltp":2.46,"id":5596561}]}]}
{"op":"mcm","clk":"7735963640","pt":1539876781759,"mc":[{"id":"1.149733367","rc":[{"ltp":1.72,"id":7283310},{"ltp":2.36,"id":5596561}]}]}
{"op":"mcm","clk":"7735968913","pt":1539876841912,"mc":[{"id":"1.149733367","rc":[{"ltp":1.73,"id":7283310},{"ltp":2.38,"id":5596561}]}]}
{"op":"mcm","clk":"7735974677","pt":1539876901916,"mc":[{"id":"1.149733367","rc":[{"ltp":2.18,"id":7283310},{"ltp":1.84,"id":5596561}]}]}
{"op":"mcm","clk":"7735980694","pt":1539876961651,"mc":[{"id":"1.149733367","rc":[{"ltp":2.22,"id":7283310},{"ltp":1.81,"id":5596561}]}]}
{"op":"mcm","clk":"7735986469","pt":1539877021962,"mc":[{"id":"1.149733367","rc":[{"ltp":2.28,"id":7283310},{"ltp":1.78,"id":5596561}]}]}
{"op":"mcm","clk":"7735992706","pt":1539877081933,"mc":[{"id":"1.149733367","rc":[{"ltp":2.06,"id":7283310},{"ltp":1.95,"id":5596561}]}]}
{"op":"mcm","clk":"7735999242","pt":1539877141955,"mc":[{"id":"1.149733367","rc":[{"ltp":1.87,"id":7283310},{"ltp":2.16,"id":5596561}]}]}
{"op":"mcm","clk":"7736005486","pt":1539877201961,"mc":[{"id":"1.149733367","rc":[{"ltp":1.77,"id":7283310},{"ltp":2.3,"id":5596561}]}]}
{"op":"mcm","clk":"7736010966","pt":1539877261958,"mc":[{"id":"1.149733367","rc":[{"ltp":2.08,"id":7283310},{"ltp":1.92,"id":5596561}]}]}
{"op":"mcm","clk":"7736016658","pt":1539877321751,"mc":[{"id":"1.149733367","rc":[{"ltp":2.26,"id":7283310},{"ltp":1.78,"id":5596561}]}]}
{"op":"mcm","clk":"7736035512","pt":1539877381905,"mc":[{"id":"1.149733367","rc":[{"ltp":2.4,"id":7283310},{"ltp":1.71,"id":5596561}]}]}
{"op":"mcm","clk":"7736041448","pt":1539877441867,"mc":[{"id":"1.149733367","rc":[{"ltp":2.44,"id":7283310},{"ltp":1.69,"id":5596561}]}]}
{"op":"mcm","clk":"7736047518","pt":1539877501939,"mc":[{"id":"1.149733367","rc":[{"ltp":2.16,"id":7283310},{"ltp":1.89,"id":5596561}]}]}
{"op":"mcm","clk":"7736053149","pt":1539877561793,"mc":[{"id":"1.149733367","rc":[{"ltp":1.88,"id":7283310},{"ltp":2.12,"id":5596561}]}]}
{"op":"mcm","clk":"7736058274","pt":1539877621841,"mc":[{"id":"1.149733367","rc":[{"ltp":1.8,"id":7283310},{"ltp":2.24,"id":5596561}]}]}
{"op":"mcm","clk":"7736063514","pt":1539877681896,"mc":[{"id":"1.149733367","rc":[{"ltp":1.59,"id":7283310},{"ltp":2.68,"id":5596561}]}]}
{"op":"mcm","clk":"7736068738","pt":1539877741899,"mc":[{"id":"1.149733367","rc":[{"ltp":1.53,"id":7283310},{"ltp":2.96,"id":5596561}]}]}
{"op":"mcm","clk":"7736073733","pt":1539877801919,"mc":[{"id":"1.149733367","rc":[{"ltp":1.77,"id":7283310},{"ltp":2.32,"id":5596561}]}]}
{"op":"mcm","clk":"7736083190","pt":1539877921918,"mc":[{"id":"1.149733367","rc":[{"ltp":2.08,"id":7283310},{"ltp":1.91,"id":5596561}]}]}
{"op":"mcm","clk":"7736087528","pt":1539877981723,"mc":[{"id":"1.149733367","rc":[{"ltp":1.76,"id":7283310},{"ltp":2.3,"id":5596561}]}]}
{"op":"mcm","clk":"7736092467","pt":1539878041750,"mc":[{"id":"1.149733367","rc":[{"ltp":2.52,"id":7283310},{"ltp":1.66,"id":5596561}]}]}
{"op":"mcm","clk":"7736097683","pt":1539878101787,"mc":[{"id":"1.149733367","rc":[{"ltp":2.56,"id":7283310},{"ltp":1.64,"id":5596561}]}]}
{"op":"mcm","clk":"7736102833","pt":1539878161796,"mc":[{"id":"1.149733367","rc":[{"ltp":3.6,"id":7283310},{"ltp":1.4,"id":5596561}]}]}
{"op":"mcm","clk":"7736108287","pt":1539878221551,"mc":[{"id":"1.149733367","rc":[{"ltp":3.75,"id":7283310},{"ltp":1.35,"id":5596561}]}]}
{"op":"mcm","clk":"7736126675","pt":1539878281858,"mc":[{"id":"1.149733367","rc":[{"ltp":2.18,"id":7283310},{"ltp":1.84,"id":5596561}]}]}
{"op":"mcm","clk":"7736137879","pt":1539878401754,"mc":[{"id":"1.149733367","rc":[{"ltp":2.78,"id":7283310},{"ltp":1.56,"id":5596561}]}]}
{"op":"mcm","clk":"7736143628","pt":1539878461679,"mc":[{"id":"1.149733367","rc":[{"ltp":2.2,"id":7283310},{"ltp":1.83,"id":5596561}]}]}
{"op":"mcm","clk":"7736149152","pt":1539878521929,"mc":[{"id":"1.149733367","rc":[{"ltp":1.85,"id":7283310},{"ltp":2.16,"id":5596561}]}]}
{"op":"mcm","clk":"7736154749","pt":1539878581936,"mc":[{"id":"1.149733367","rc":[{"ltp":2.42,"id":7283310},{"ltp":1.7,"id":5596561}]}]}
{"op":"mcm","clk":"7736160464","pt":1539878641875,"mc":[{"id":"1.149733367","rc":[{"ltp":2.4,"id":7283310},{"ltp":1.86,"id":5596561}]}]}
{"op":"mcm","clk":"7736166172","pt":1539878701839,"mc":[{"id":"1.149733367","rc":[{"ltp":2.44,"id":7283310},{"ltp":1.69,"id":5596561}]}]}
{"op":"mcm","clk":"7736172125","pt":1539878761856,"mc":[{"id":"1.149733367","rc":[{"ltp":2.68,"id":7283310},{"ltp":1.59,"id":5596561}]}]}
{"op":"mcm","clk":"7736177776","pt":1539878821727,"mc":[{"id":"1.149733367","rc":[{"ltp":2.66,"id":7283310},{"ltp":1.6,"id":5596561}]}]}
{"op":"mcm","clk":"7736182823","pt":1539878881953,"mc":[{"id":"1.149733367","rc":[{"ltp":2.74,"id":7283310},{"ltp":1.74,"id":5596561}]}]}
{"op":"mcm","clk":"7736187738","pt":1539878941720,"mc":[{"id":"1.149733367","rc":[{"ltp":1.95,"id":7283310},{"ltp":2.04,"id":5596561}]}]}
{"op":"mcm","clk":"7736192819","pt":1539879001912,"mc":[{"id":"1.149733367","rc":[{"ltp":1.9,"id":7283310},{"ltp":2.12,"id":5596561}]}]}
{"op":"mcm","clk":"7736197775","pt":1539879061962,"mc":[{"id":"1.149733367","rc":[{"ltp":1.52,"id":7283310},{"ltp":2.94,"id":5596561}]}]}
{"op":"mcm","clk":"7736202674","pt":1539879121931,"mc":[{"id":"1.149733367","rc":[{"ltp":2.66,"id":7283310},{"ltp":1.6,"id":5596561}]}]}
{"op":"mcm","clk":"7736221189","pt":1539879181870,"mc":[{"id":"1.149733367","rc":[{"ltp":3.7,"id":7283310},{"ltp":1.4,"id":5596561}]}]}
{"op":"mcm","clk":"7736226762","pt":1539879241848,"mc":[{"id":"1.149733367","rc":[{"ltp":2.64,"id":7283310},{"ltp":1.62,"id":5596561}]}]}
{"op":"mcm","clk":"7736232340","pt":1539879301856,"mc":[{"id":"1.149733367","rc":[{"ltp":4.2,"id":7283310},{"ltp":1.3,"id":5596561}]}]}
{"op":"mcm","clk":"7736238018","pt":1539879361956,"mc":[{"id":"1.149733367","marketDefinition":{"bspMarket":false,"turnInPlayEnabled":true,"persistenceEnabled":true,"marketBaseRate":5.0,"eventId":"28961705","eventTypeId":"2","numberOfWinners":1,"bettingType":"ODDS","marketType":"MATCH_ODDS","marketTime":"2018-10-18T13:24:00.000Z","suspendTime":"2018-10-18T13:24:00.000Z","bspReconciled":false,"complete":true,"inPlay":true,"crossMatching":true,"runnersVoidable":false,"numberOfActiveRunners":2,"betDelay":5,"status":"SUSPENDED","runners":[{"status":"ACTIVE","sortPriority":1,"id":7283310,"name":"Aliaksandra Sasnovich"},{"status":"ACTIVE","sortPriority":2,"id":5596561,"name":"Johanna Konta"}],"regulators":["MR_INT"],"countryCode":"RU","discountAllowed":true,"timezone":"UTC","openDate":"2018-10-18T13:24:00.000Z","version":2460696299,"name":"Match Odds","eventName":"Sasnovich v Konta"},"rc":[{"ltp":34.0,"id":7283310},{"ltp":1.03,"id":5596561}]}]}
{"op":"mcm","clk":"7736246009","pt":1539879449775,"mc":[{"id":"1.149733367","marketDefinition":{"bspMarket":false,"turnInPlayEnabled":true,"persistenceEnabled":true,"marketBaseRate":5.0,"eventId":"28961705","eventTypeId":"2","numberOfWinners":1,"bettingType":"ODDS","marketType":"MATCH_ODDS","marketTime":"2018-10-18T13:24:00.000Z","suspendTime":"2018-10-18T13:24:00.000Z","bspReconciled":false,"complete":true,"inPlay":true,"crossMatching":false,"runnersVoidable":false,"numberOfActiveRunners":0,"betDelay":5,"status":"CLOSED","settledTime":"2018-10-18T16:16:56.000Z","runners":[{"status":"LOSER","sortPriority":1,"id":7283310,"name":"Aliaksandra Sasnovich"},{"status":"WINNER","sortPriority":2,"id":5596561,"name":"Johanna Konta"}],"regulators":["MR_INT"],"countryCode":"RU","discountAllowed":true,"timezone":"UTC","openDate":"2018-10-18T13:24:00.000Z","version":2460697817,"name":"Match Odds","eventName":"Sasnovich v Konta"}}]}
