{"op":"mcm","clk":"7713698802","pt":1539615653785,"mc":[{"id":"1.149633915","marketDefinition":{"bspMarket":false,"turnInPlayEnabled":true,"persistenceEnabled":true,"marketBaseRate":5.0,"eventId":"28958492","eventTypeId":"2","numberOfWinners":1,"bettingType":"ODDS","marketType":"MATCH_ODDS","marketTime":"2018-10-16T08:00:00.000Z","suspendTime":"2018-10-16T08:00:00.000Z","bspReconciled":false,"complete":true,"inPlay":false,"crossMatching":true,"runnersVoidable":false,"numberOfActiveRunners":2,"betDelay":0,"status":"OPEN","runners":[{"status":"ACTIVE","sortPriority":1,"id":2453959,"name":"Ekaterina Makarova"},{"status":"ACTIVE","sortPriority":2,"id":6161111,"name":"Ons Jabeur"}],"regulators":["MR_INT"],"countryCode":"RU","discountAllowed":true,"timezone":"UTC","openDate":"2018-10-16T08:00:00.000Z","version":2457162024,"name":"Match Odds","eventName":"Makarova v Jabeur"}}]}
{"op":"mcm","clk":"7714170825","pt":1539620571714,"mc":[{"id":"1.149633915","rc":[{"ltp":2.0,"id":2453959}]}]}
{"op":"mcm","clk":"7715618882","pt":1539635214209,"mc":[{"id":"1.149633915","rc":[{"ltp":2.2,"id":2453959}]}]}
{"op":"mcm","clk":"7715760806","pt":1539637427107,"mc":[{"id":"1.149633915","rc":[{"ltp":2.24,"id":2453959}]}]}
{"op":"mcm","clk":"7715774346","pt":1539637673657,"mc":[{"id":"1.149633915","rc":[{"ltp":2.18,"id":2453959},{"ltp":1.82,"id":6161111}]}]}
{"op":"mcm","clk":"7715908167","pt":1539639816347,"mc":[{"id":"1.149633915","rc":[{"ltp":2.16,"id":2453959},{"ltp":1.81,"id":6161111}]}]}
{"op":"mcm","clk":"7715944260","pt":1539640586866,"mc":[{"id":"1.149633915","rc":[{"ltp":2.24,"id":2453959}]}]}
{"op":"mcm","clk":"7716046800","pt":1539642404601,"mc":[{"id":"1.149633915","rc":[{"ltp":2.14,"id":2453959}]}]}
{"op":"mcm","clk":"7716091653","pt":1539643204668,"mc":[{"id":"1.149633915","rc":[{"ltp":2.16,"id":2453959}]}]}
{"op":"mcm","clk":"7716289049","pt":1539646183786,"mc":[{"id":"1.149633915","rc":[{"ltp":2.18,"id":2453959},{"ltp":1.84,"id":6161111}]}]}
{"op":"mcm","clk":"7716372921","pt":1539647557759,"mc":[{"id":"1.149633915","rc":[{"ltp":2.16,"id":2453959},{"ltp":1.87,"id":6161111}]}]}
{"op":"mcm","clk":"7716640807","pt":1539651527983,"mc":[{"id":"1.149633915","rc":[{"ltp":1.85,"id":6161111}]}]}
{"op":"mcm","clk":"7716901428","pt":1539655974378,"mc":[{"id":"1.149633915","rc":[{"ltp":1.84,"id":6161111}]}]}
{"op":"mcm","clk":"7717218907","pt":1539662021345,"mc":[{"id":"1.149633915","rc":[{"ltp":2.18,"id":2453959}]}]}
{"op":"mcm","clk":"7717240048","pt":1539662312061,"mc":[{"id":"1.149633915","rc":[{"ltp":2.12,"id":2453959},{"ltp":1.87,"id":6161111}]}]}
{"op":"mcm","clk":"7717244460","pt":1539662420904,"mc":[{"id":"1.149633915","rc":[{"ltp":2.16,"id":2453959}]}]}
{"op":"mcm","clk":"7717252906","pt":1539662608089,"mc":[{"id":"1.149633915","rc":[{"ltp":2.14,"id":2453959},{"ltp":1.88,"id":6161111}]}]}
{"op":"mcm","clk":"7717334561","pt":1539664161187,"mc":[{"id":"1.149633915","rc":[{"ltp":2.12,"id":2453959},{"ltp":1.87,"id":6161111}]}]}
{"op":"mcm","clk":"7717336927","pt":1539664230433,"mc":[{"id":"1.149633915","rc":[{"ltp":2.16,"id":2453959}]}]}
{"op":"mcm","clk":"7717365393","pt":1539664911307,"mc":[{"id":"1.149633915","rc":[{"ltp":2.06,"id":2453959},{"ltp":1.9,"id":6161111}]}]}
{"op":"mcm","clk":"7717424377","pt":1539666030347,"mc":[{"id":"1.149633915","rc":[{"ltp":2.14,"id":2453959}]}]}
{"op":"mcm","clk":"7717433197","pt":1539666286278,"mc":[{"id":"1.149633915","rc":[{"ltp":1.88,"id":6161111}]}]}
{"op":"mcm","clk":"7717434630","pt":1539666323616,"mc":[{"id":"1.149633915","rc":[{"ltp":2.16,"id":2453959}]}]}
{"op":"mcm","clk":"7717437848","pt":1539666413996,"mc":[{"id":"1.149633915","rc":[{"ltp":1.87,"id":6161111}]}]}
{"op":"mcm","clk":"7717461857","pt":1539666831943,"mc":[{"id":"1.149633915","rc":[{"ltp":2.12,"id":2453959}]}]}
{"op":"mcm","clk":"7717464308","pt":1539666891837,"mc":[{"id":"1.149633915","rc":[{"ltp":2.1,"id":2453959}]}]}
{"op":"mcm","clk":"7717483159","pt":1539667440431,"mc":[{"id":"1.149633915","rc":[{"ltp":2.12,"id":2453959}]}]}
{"op":"mcm","clk":"7717510856","pt":1539667907584,"mc":[{"id":"1.149633915","rc":[{"ltp":1.9,"id":6161111}]}]}
{"op":"mcm","clk":"7717556564","pt":1539668796298,"mc":[{"id":"1.149633915","rc":[{"ltp":2.1,"id":2453959}]}]}
{"op":"mcm","clk":"7717575163","pt":1539669293952,"mc":[{"id":"1.149633915","rc":[{"ltp":2.08,"id":2453959},{"ltp":1.92,"id":6161111}]}]}
{"op":"mcm","clk":"7717576589","pt":1539669329552,"mc":[{"id":"1.149633915","rc":[{"ltp":2.06,"id":2453959}]}]}
{"op":"mcm","clk":"7717579864","pt":1539669407463,"mc":[{"id":"1.149633915","rc":[{"ltp":2.08,"id":2453959},{"ltp":1.93,"id":6161111}]}]}
{"op":"mcm","clk":"7717614229","pt":1539669948289,"mc":[{"id":"1.149633915","rc":[{"ltp":2.04,"id":2453959}]}]}
{"op":"mcm","clk":"7717619368","pt":1539670073958,"mc":[{"id":"1.149633915","rc":[{"ltp":2.08,"id":2453959}]}]}
{"op":"mcm","clk":"7717683769","pt":1539671211922,"mc":[{"id":"1.149633915","rc":[{"ltp":1.95,"id":6161111}]}]}
{"op":"mcm","clk":"7717700902","pt":1539671363798,"mc":[{"id":"1.149633915","rc":[{"ltp":2.06,"id":2453959}]}]}
{"op":"mcm","clk":"7717725789","pt":1539671913622,"mc":[{"id":"1.149633915","rc":[{"ltp":2.08,"id":2453959},{"ltp":1.92,"id":6161111}]}]}
{"op":"mcm","clk":"7717753431","pt":1539672331696,"mc":[{"id":"1.149633915","rc":[{"ltp":1.95,"id":6161111}]}]}
{"op":"mcm","clk":"7717756615","pt":1539672413677,"mc":[{"id":"1.149633915","rc":[{"ltp":1.92,"id":6161111}]}]}
{"op":"mcm","clk":"7717764534","pt":1539672584647,"mc":[{"id":"1.149633915","rc":[{"ltp":2.06,"id":2453959}]}]}
{"op":"mcm","clk":"7717776903","pt":1539672833638,"mc":[{"id":"1.149633915","rc":[{"ltp":2.08,"id":2453959}]}]}
{"op":"mcm","clk":"7717784031","pt":1539672978910,"mc":[{"id":"1.149633915","rc":[{"ltp":1.94,"id":6161111}]}]}
{"op":"mcm","clk":"7717804933","pt":1539673253382,"mc":[{"id":"1.149633915","rc":[{"ltp":2.1,"id":2453959},{"ltp":1.9,"id":6161111}]}]}
{"op":"mcm","clk":"7717812967","pt":1539673391344,"mc":[{"id":"1.149633915","rc":[{"ltp":1.93,"id":6161111}]}]}
{"op":"mcm","clk":"7717835648","pt":1539673800604,"mc":[{"id":"1.149633915","rc":[{"ltp":1.94,"id":6161111}]}]}
{"op":"mcm","clk":"7717864384","pt":1539674118711,"mc":[{"id":"1.149633915","rc":[{"ltp":2.08,"id":2453959},{"ltp":1.93,"id":6161111}]}]}
{"op":"mcm","clk":"7717878939","pt":1539674331036,"mc":[{"id":"1.149633915","rc":[{"ltp":1.92,"id":6161111}]}]}
{"op":"mcm","clk":"7717921243","pt":1539674871409,"mc":[{"id":"1.149633915","rc":[{"ltp":1.94,"id":6161111}]}]}
{"op":"mcm","clk":"7717924356","pt":1539674922854,"mc":[{"id":"1.149633915","rc":[{"ltp":2.04,"id":2453959}]}]}
{"op":"mcm","clk":"7717928640","pt":1539674989898,"mc":[{"id":"1.149633915","rc":[{"ltp":1.95,"id":6161111}]}]}
{"op":"mcm","clk":"7717934480","pt":1539675088713,"mc":[{"id":"1.149633915","rc":[{"ltp":2.08,"id":2453959},{"ltp":1.93,"id":6161111}]}]}
{"op":"mcm","clk":"7717943163","pt":1539675231390,"mc":[{"id":"1.149633915","rc":[{"ltp":2.04,"id":2453959},{"ltp":1.95,"id":6161111}]}]}
{"op":"mcm","clk":"7717946676","pt":1539675292052,"mc":[{"id":"1.149633915","rc":[{"ltp":2.08,"id":2453959},{"ltp":1.92,"id":6161111}]}]}
{"op":"mcm","clk":"7717950133","pt":1539675353587,"mc":[{"id":"1.149633915","rc":[{"ltp":2.04,"id":2453959},{"ltp":1.96,"id":6161111}]}]}
{"op":"mcm","clk":"7717953507","pt":1539675408234,"mc":[{"id":"1.149633915","rc":[{"ltp":1.95,"id":6161111}]}]}
{"op":"mcm","clk":"7717957471","pt":1539675473247,"mc":[{"id":"1.149633915","rc":[{"ltp":2.02,"id":2453959},{"ltp":1.98,"id":6161111}]}]}
{"op":"mcm","clk":"7717960081","pt":1539675524034,"mc":[{"id":"1.149633915","rc":[{"ltp":2.04,"id":2453959},{"ltp":1.95,"id":6161111}]}]}
{"op":"mcm","clk":"7717963121","pt":1539675585711,"mc":[{"id":"1.149633915","rc":[{"ltp":2.02,"id":2453959}]}]}
{"op":"mcm","clk":"7717967300","pt":1539675653893,"mc":[{"id":"1.149633915","rc":[{"ltp":2.04,"id":2453959},{"ltp":1.96,"id":6161111}]}]}
{"op":"mcm","clk":"7717970904","pt":1539675712330,"mc":[{"id":"1.149633915","rc":[{"ltp":1.95,"id":6161111}]}]}
{"op":"mcm","clk":"7717983689","pt":1539675768096,"mc":[{"id":"1.149633915","rc":[{"ltp":2.06,"id":2453959},{"ltp":1.94,"id":6161111}]}]}
{"op":"mcm","clk":"7717987500","pt":1539675831364,"mc":[{"id":"1.149633915","rc":[{"ltp":2.1,"id":2453959},{"ltp":1.91,"id":6161111}]}]}
{"op":"mcm","clk":"7717995231","pt":1539675952467,"mc":[{"id":"1.149633915","rc":[{"ltp":2.14,"id":2453959},{"ltp":1.89,"id":6161111}]}]}
{"op":"mcm","clk":"7717999178","pt":1539676012454,"mc":[{"id":"1.149633915","rc":[{"ltp":2.08,"id":2453959},{"ltp":1.93,"id":6161111}]}]}
{"op":"mcm","clk":"7718002587","pt":1539676066406,"mc":[{"id":"1.149633915","rc":[{"ltp":2.16,"id":2453959},{"ltp":1.88,"id":6161111}]}]}
{"op":"mcm","clk":"7718006463","pt":1539676124634,"mc":[{"id":"1.149633915","rc":[{"ltp":2.14,"id":2453959}]}]}
{"op":"mcm","clk":"7718010828","pt":1539676190535,"mc":[{"id":"1.149633915","rc":[{"ltp":1.85,"id":6161111}]}]}
{"op":"mcm","clk":"7718015187","pt":1539676253893,"mc":[{"id":"1.149633915","rc":[{"ltp":2.16,"id":2453959}]}]}
{"op":"mcm","clk":"7718019433","pt":1539676314169,"mc":[{"id":"1.149633915","rc":[{"ltp":2.18,"id":2453959},{"ltp":1.86,"id":6161111}]}]}
{"op":"mcm","clk":"7718023673","pt":1539676371677,"mc":[{"id":"1.149633915","rc":[{"ltp":2.16,"id":2453959}]}]}
{"op":"mcm","clk":"7718031452","pt":1539676493278,"mc":[{"id":"1.149633915","rc":[{"ltp":2.12,"id":2453959},{"ltp":1.9,"id":6161111}]}]}
{"op":"mcm","clk":"7718035442","pt":1539676552657,"mc":[{"id":"1.149633915","rc":[{"ltp":2.1,"id":2453959},{"ltp":1.88,"id":6161111}]}]}
{"op":"mcm","clk":"7718039381","pt":1539676613085,"mc":[{"id":"1.149633915","rc":[{"ltp":1.91,"id":6161111}]}]}
{"op":"mcm","clk":"7718051428","pt":1539676655851,"mc":[{"id":"1.149633915","rc":[{"ltp":2.12,"id":2453959},{"ltp":1.9,"id":6161111}]}]}
{"op":"mcm","clk":"7718056429","pt":1539676733473,"mc":[{"id":"1.149633915","marketDefinition":{"bspMarket":false,"turnInPlayEnabled":true,"persistenceEnabled":true,"marketBaseRate":5.0,"eventId":"28958492","eventTypeId":"2","numberOfWinners":1,"bettingType":"ODDS","marketType":"MATCH_ODDS","marketTime":"2018-10-16T07:55:00.000Z","suspendTime":"2018-10-16T07:55:00.000Z","bspReconciled":false,"complete":true,"inPlay":false,"crossMatching":true,"runnersVoidable":false,"numberOfActiveRunners":2,"betDelay":0,"status":"OPEN","runners":[{"status":"ACTIVE","sortPriority":1,"id":2453959,"name":"Ekaterina Makarova"},{"status":"ACTIVE","sortPriority":2,"id":6161111,"name":"Ons Jabeur"}],"regulators":["MR_INT"],"countryCode":"RU","discountAllowed":true,"timezone":"UTC","openDate":"2018-10-16T08:00:00.000Z","version":2457795480,"name":"Match Odds","eventName":"Makarova v Jabeur"},"rc":[{"ltp":2.1,"id":2453959},{"ltp":1.93,"id":6161111}]}]}
{"op":"mcm","clk":"7718060060","pt":1539676793449,"mc":[{"id":"1.149633915","marketDefinition":{"bspMarket":false,"turnInPlayEnabled":true,"persistenceEnabled":true,"marketBaseRate":5.0,"eventId":"28958492","eventTypeId":"2","numberOfWinners":1,"bettingType":"ODDS","marketType":"MATCH_ODDS","marketTime":"2018-10-16T07:55:00.000Z","suspendTime":"2018-10-16T07:55:00.000Z","bspReconciled":false,"complete":true,"inPlay":false,"crossMatching":true,"runnersVoidable":false,"numberOfActiveRunners":2,"betDelay":0,"status":"OPEN","runners":[{"status":"ACTIVE","sortPriority":1,"id":2453959,"name":"Ekaterina Makarova"},{"status":"ACTIVE","sortPriority":2,"id":6161111,"name":"Ons Jabeur"}],"regulators":["MR_INT"],"countryCode":"RU","discountAllowed":true,"timezone":"UTC","openDate":"2018-10-16T07:55:00.000Z","version":2457795480,"name":"Match Odds","eventName":"Makarova v Jabeur"},"rc":[{"ltp":2.08,"id":2453959},{"ltp":1.9,"id":6161111}]}]}
{"op":"mcm","clk":"7718064216","pt":1539676851097,"mc":[{"id":"1.149633915","rc":[{"ltp":2.1,"id":2453959}]}]}
{"op":"mcm","clk":"7718068825","pt":1539676914015,"mc":[{"id":"1.149633915","rc":[{"ltp":1.93,"id":6161111}]}]}
{"op":"mcm","clk":"7718073238","pt":1539676973276,"mc":[{"id":"1.149633915","rc":[{"ltp":2.08,"id":2453959},{"ltp":1.92,"id":6161111}]}]}
{"op":"mcm","clk":"7718086010","pt":1539677154288,"mc":[{"id":"1.149633915","marketDefinition":{"bspMarket":false,"turnInPlayEnabled":true,"persistenceEnabled":true,"marketBaseRate":5.0,"eventId":"28958492","eventTypeId":"2","numberOfWinners":1,"bettingType":"ODDS","marketType":"MATCH_ODDS","marketTime":"2018-10-16T07:55:00.000Z","suspendTime":"2018-10-16T07:55:00.000Z","bspReconciled":false,"complete":true,"inPlay":true,"crossMatching":true,"runnersVoidable":false,"numberOfActiveRunners":2,"betDelay":5,"status":"OPEN","runners":[{"status":"ACTIVE","sortPriority":1,"id":2453959,"name":"Ekaterina Makarova"},{"status":"ACTIVE","sortPriority":2,"id":6161111,"name":"Ons Jabeur"}],"regulators":["MR_INT"],"countryCode":"RU","discountAllowed":true,"timezone":"UTC","openDate":"2018-10-16T07:55:00.000Z","version":2457796950,"name":"Match Odds","eventName":"Makarova v Jabeur"},"rc":[{"ltp":1.91,"id":6161111}]}]}
{"op":"mcm","clk":"7718090696","pt":1539677214429,"mc":[{"id":"1.149633915","rc":[{"ltp":2.0,"id":2453959},{"ltp":1.99,"id":6161111}]}]}
{"op":"mcm","clk":"7718095619","pt":1539677274039,"mc":[{"id":"1.149633915","rc":[{"ltp":2.08,"id":2453959},{"ltp":1.88,"id":6161111}]}]}
{"op":"mcm","clk":"7718100814","pt":1539677334209,"mc":[{"id":"1.149633915","rc":[{"ltp":2.38,"id":2453959},{"ltp":1.72,"id":6161111}]}]}
{"op":"mcm","clk":"7718105334","pt":1539677394204,"mc":[{"id":"1.149633915","rc":[{"ltp":2.52,"id":2453959},{"ltp":1.66,"id":6161111}]}]}
{"op":"mcm","clk":"7718110070","pt":1539677454333,"mc":[{"id":"1.149633915","rc":[{"ltp":2.88,"id":2453959},{"ltp":1.51,"id":6161111}]}]}
{"op":"mcm","clk":"7718114854","pt":1539677514245,"mc":[{"id":"1.149633915","rc":[{"ltp":2.46,"id":2453959},{"ltp":1.68,"id":6161111}]}]}
{"op":"mcm","clk":"7718129078","pt":1539677574175,"mc":[{"id":"1.149633915","rc":[{"ltp":3.5,"id":2453959},{"ltp":1.4,"id":6161111}]}]}
{"op":"mcm","clk":"7718133769","pt":1539677634378,"mc":[{"id":"1.149633915","rc":[{"ltp":3.95,"id":2453959},{"ltp":1.34,"id":6161111}]}]}
{"op":"mcm","clk":"7718138369","pt":1539677694374,"mc":[{"id":"1.149633915","rc":[{"ltp":4.0,"id":2453959},{"ltp":1.33,"id":6161111}]}]}
{"op":"mcm","clk":"7718143212","pt":1539677754253,"mc":[{"id":"1.149633915","rc":[{"ltp":1.29,"id":6161111}]}]}
{"op":"mcm","clk":"7718147710","pt":1539677813897,"mc":[{"id":"1.149633915","rc":[{"ltp":4.5,"id":2453959},{"ltp":1.27,"id":6161111}]}]}
{"op":"mcm","clk":"7718151936","pt":1539677874048,"mc":[{"id":"1.149633915","rc":[{"ltp":3.75,"id":2453959},{"ltp":1.35,"id":6161111}]}]}
{"op":"mcm","clk":"7718156188","pt":1539677934253,"mc":[{"id":"1.149633915","rc":[{"ltp":4.0,"id":2453959},{"ltp":1.32,"id":6161111}]}]}
{"op":"mcm","clk":"7718160294","pt":1539677993620,"mc":[{"id":"1.149633915","rc":[{"ltp":4.5,"id":2453959},{"ltp":1.29,"id":6161111}]}]}
{"op":"mcm","clk":"7718168966","pt":1539678114295,"mc":[{"id":"1.149633915","rc":[{"ltp":5.0,"id":2453959},{"ltp":1.25,"id":6161111}]}]}
{"op":"mcm","clk":"7718173374","pt":1539678174201,"mc":[{"id":"1.149633915","rc":[{"ltp":5.8,"id":2453959},{"ltp":1.19,"id":6161111}]}]}
{"op":"mcm","clk":"7718177935","pt":1539678233846,"mc":[{"id":"1.149633915","rc":[{"ltp":7.0,"id":2453959},{"ltp":1.16,"id":6161111}]}]}
{"op":"mcm","clk":"7718182212","pt":1539678294186,"mc":[{"id":"1.149633915","rc":[{"ltp":7.6,"id":2453959},{"ltp":1.15,"id":6161111}]}]}
{"op":"mcm","clk":"7718186584","pt":1539678353818,"mc":[{"id":"1.149633915","rc":[{"ltp":7.4,"id":2453959},{"ltp":1.16,"id":6161111}]}]}
{"op":"mcm","clk":"7718191360","pt":1539678414359,"mc":[{"id":"1.149633915","rc":[{"ltp":7.6,"id":2453959},{"ltp":1.15,"id":6161111}]}]}
{"op":"mcm","clk":"7718205690","pt":1539678474025,"mc":[{"id":"1.149633915","rc":[{"ltp":7.4,"id":2453959},{"ltp":1.17,"id":6161111}]}]}
{"op":"mcm","clk":"7718210737","pt":1539678532801,"mc":[{"id":"1.149633915","rc":[{"ltp":10.0,"id":2453959},{"ltp":1.1,"id":6161111}]}]}
{"op":"mcm","clk":"7718215370","pt":1539678594298,"mc":[{"id":"1.149633915","rc":[{"ltp":1.14,"id":6161111}]}]}
{"op":"mcm","clk":"7718220161","pt":1539678653949,"mc":[{"id":"1.149633915","rc":[{"ltp":13.5,"id":2453959},{"ltp":1.07,"id":6161111}]}]}
{"op":"mcm","clk":"7718224565","pt":1539678714271,"mc":[{"id":"1.149633915","rc":[{"ltp":15.5,"id":2453959},{"ltp":1.09,"id":6161111}]}]}
{"op":"mcm","clk":"7718229116","pt":1539678774390,"mc":[{"id":"1.149633915","rc":[{"ltp":10.0,"id":2453959},{"ltp":1.15,"id":6161111}]}]}
{"op":"mcm","clk":"7718233585","pt":1539678834117,"mc":[{"id":"1.149633915","rc":[{"ltp":6.6,"id":2453959},{"ltp":1.18,"id":6161111}]}]}
{"op":"mcm","clk":"7718238197","pt":1539678894330,"mc":[{"id":"1.149633915","rc":[{"ltp":6.0,"id":2453959},{"ltp":1.19,"id":6161111}]}]}
{"op":"mcm","clk":"7718242712","pt":1539678953609,"mc":[{"id":"1.149633915","rc":[{"ltp":7.6,"id":2453959},{"ltp":1.15,"id":6161111}]}]}
{"op":"mcm","clk":"7718246836","pt":1539679014112,"mc":[{"id":"1.149633915","rc":[{"ltp":11.0,"id":2453959},{"ltp":1.13,"id":6161111}]}]}
{"op":"mcm","clk":"7718251048","pt":1539679074218,"mc":[{"id":"1.149633915","rc":[{"ltp":12.0,"id":2453959},{"ltp":1.09,"id":6161111}]}]}
{"op":"mcm","clk":"7718254891","pt":1539679134176,"mc":[{"id":"1.149633915","rc":[{"ltp":1.08,"id":6161111}]}]}
{"op":"mcm","clk":"7718258772","pt":1539679194060,"mc":[{"id":"1.149633915","rc":[{"ltp":13.5,"id":2453959},{"ltp":1.07,"id":6161111}]}]}
{"op":"mcm","clk":"7718263092","pt":1539679254123,"mc":[{"id":"1.149633915","rc":[{"ltp":17.5,"id":2453959},{"ltp":1.06,"id":6161111}]}]}
{"op":"mcm","clk":"7718298094","pt":1539679614364,"mc":[{"id":"1.149633915","rc":[{"ltp":12.0,"id":2453959},{"ltp":1.09,"id":6161111}]}]}
{"op":"mcm","clk":"7718307515","pt":1539679734258,"mc":[{"id":"1.149633915","rc":[{"ltp":1.07,"id":6161111}]}]}
{"op":"mcm","clk":"7718311500","pt":1539679793112,"mc":[{"id":"1.149633915","rc":[{"ltp":26.0,"id":2453959},{"ltp":1.05,"id":6161111}]}]}
{"op":"mcm","clk":"7718315813","pt":1539679854241,"mc":[{"id":"1.149633915","rc":[{"ltp":36.0,"id":2453959},{"ltp":1.03,"id":6161111}]}]}
{"op":"mcm","clk":"7718320158","pt":1539679914347,"mc":[{"id":"1.149633915","rc":[{"ltp":28.0,"id":2453959},{"ltp":1.02,"id":6161111}]}]}
{"op":"mcm","clk":"7718324412","pt":1539679973331,"mc":[{"id":"1.149633915","rc":[{"ltp":50.0,"id":2453959},{"ltp":1.03,"id":6161111}]}]}
{"op":"mcm","clk":"7718328743","pt":1539680034345,"mc":[{"id":"1.149633915","rc":[{"ltp":1.01,"id":6161111}]}]}
{"op":"mcm","clk":"7718332900","pt":1539680094424,"mc":[{"id":"1.149633915","rc":[{"ltp":100.0,"id":2453959}]}]}
{"op":"mcm","clk":"7718340884","pt":1539680214083,"mc":[{"id":"1.149633915","rc":[{"ltp":55.0,"id":2453959},{"ltp":1.02,"id":6161111}]}]}
{"op":"mcm","clk":"7718354338","pt":1539680274263,"mc":[{"id":"1.149633915","rc":[{"ltp":1.01,"id":6161111}]}]}
{"op":"mcm","clk":"7718358215","pt":1539680331401,"mc":[{"id":"1.149633915","marketDefinition":{"bspMarket":false,"turnInPlayEnabled":true,"persistenceEnabled":true,"marketBaseRate":5.0,"eventId":"28958492","eventTypeId":"2","numberOfWinners":1,"bettingType":"ODDS","marketType":"MATCH_ODDS","marketTime":"2018-10-16T07:55:00.000Z","suspendTime":"2018-10-16T07:55:00.000Z","bspReconciled":false,"complete":true,"inPlay":true,"crossMatching":true,"runnersVoidable":false,"numberOfActiveRunners":2,"betDelay":5,"status":"SUSPENDED","runners":[{"status":"ACTIVE","sortPriority":1,"id":2453959,"name":"Ekaterina Makarova"},{"status":"ACTIVE","sortPriority":2,"id":6161111,"name":"Ons Jabeur"}],"regulators":["MR_INT"],"countryCode":"RU","discountAllowed":true,"timezone":"UTC","openDate":"2018-10-16T07:55:00.000Z","version":2457808495,"name":"Match Odds","eventName":"Makarova v Jabeur"},"rc":[{"ltp":1.02,"id":6161111}]}]}
{"op":"mcm","clk":"7718361680","pt":1539680383753,"mc":[{"id":"1.149633915","marketDefinition":{"bspMarket":false,"turnInPlayEnabled":true,"persistenceEnabled":true,"marketBaseRate":5.0,"eventId":"28958492","eventTypeId":"2","numberOfWinners":1,"bettingType":"ODDS","marketType":"MATCH_ODDS","marketTime":"2018-10-16T07:55:00.000Z","suspendTime":"2018-10-16T07:55:00.000Z","bspReconciled":false,"complete":true,"inPlay":true,"crossMatching":false,"runnersVoidable":false,"numberOfActiveRunners":0,"betDelay":5,"status":"CLOSED","settledTime":"2018-10-16T08:59:26.000Z","runners":[{"status":"LOSER","sortPriority":1,"id":2453959,"name":"Ekaterina Makarova"},{"status":"WINNER","sortPriority":2,"id":6161111,"name":"Ons Jabeur"}],"regulators":["MR_INT"],"countryCode":"RU","discountAllowed":true,"timezone":"UTC","openDate":"2018-10-16T07:55:00.000Z","version":2457809055,"name":"Match Odds","eventName":"Makarova v Jabeur"}}]}
