{"op":"mcm","clk":"7689138860","pt":1539953692305,"mc":[{"id":"1.149846130","marketDefinition":{"bspMarket":false,"turnInPlayEnabled":true,"persistenceEnabled":true,"marketBaseRate":5.0,"eventId":"28964698","eventTypeId":"2","numberOfWinners":1,"bettingType":"ODDS","marketType":"MATCH_ODDS","marketTime":"2018-10-21T11:30:00.000Z","suspendTime":"2018-10-21T11:30:00.000Z","bspReconciled":false,"complete":true,"inPlay":false,"crossMatching":true,"runnersVoidable":false,"numberOfActiveRunners":2,"betDelay":0,"status":"OPEN","runners":[{"status":"ACTIVE","sortPriority":1,"id":2309522,"name":"Caroline Wozniacki"},{"status":"ACTIVE","sortPriority":2,"id":6199453,"name":"Karolina Pliskova"}],"regulators":["MR_INT"],"countryCode":"SG","discountAllowed":true,"timezone":"UTC","openDate":"2018-10-21T11:30:00.000Z","version":2461538356,"name":"Match Odds","eventName":"Wozniacki v Ka Pliskova"}}]}
{"op":"mcm","clk":"7691623480","pt":1539971207942,"mc":[{"id":"1.149846130","rc":[{"ltp":1.46,"id":2309522}]}]}
{"op":"mcm","clk":"7693119914","pt":1539978694579,"mc":[{"id":"1.149846130","rc":[{"ltp":1.45,"id":2309522}]}]}
{"op":"mcm","clk":"7694090868","pt":1539988781829,"mc":[{"id":"1.149846130","rc":[{"ltp":2.98,"id":6199453}]}]}
{"op":"mcm","clk":"7694531411","pt":1539994064956,"mc":[{"id":"1.149846130","rc":[{"ltp":1.46,"id":2309522}]}]}
{"op":"mcm","clk":"7694555733","pt":1539994404749,"mc":[{"id":"1.149846130","rc":[{"ltp":1.45,"id":2309522}]}]}
{"op":"mcm","clk":"7694563055","pt":1539994505662,"mc":[{"id":"1.149846130","rc":[{"ltp":1.49,"id":2309522}]}]}
{"op":"mcm","clk":"7697368821","pt":1540022572870,"mc":[{"id":"1.149846130","rc":[{"ltp":1.47,"id":2309522}]}]}
{"op":"mcm","clk":"7697879716","pt":1540025799984,"mc":[{"id":"1.149846130","rc":[{"ltp":2.96,"id":6199453},{"ltp":1.51,"id":2309522}]}]}
{"op":"mcm","clk":"7698297908","pt":1540028120042,"mc":[{"id":"1.149846130","rc":[{"ltp":1.47,"id":2309522}]}]}
{"op":"mcm","clk":"7699248432","pt":1540032975106,"mc":[{"id":"1.149846130","rc":[{"ltp":1.49,"id":2309522}]}]}
{"op":"mcm","clk":"7699668420","pt":1540034920229,"mc":[{"id":"1.149846130","rc":[{"ltp":2.98,"id":6199453},{"ltp":1.5,"id":2309522}]}]}
{"op":"mcm","clk":"7704228861","pt":1540052122648,"mc":[{"id":"1.149846130","rc":[{"ltp":3.0,"id":6199453}]}]}
{"op":"mcm","clk":"7705536501","pt":1540058268359,"mc":[{"id":"1.149846130","rc":[{"ltp":1.49,"id":2309522}]}]}
{"op":"mcm","clk":"7705959318","pt":1540060461715,"mc":[{"id":"1.149846130","rc":[{"ltp":1.48,"id":2309522}]}]}
{"op":"mcm","clk":"7706069545","pt":1540061036330,"mc":[{"id":"1.149846130","rc":[{"ltp":1.46,"id":2309522}]}]}
{"op":"mcm","clk":"7706198425","pt":1540061814420,"mc":[{"id":"1.149846130","rc":[{"ltp":1.45,"id":2309522}]}]}
{"op":"mcm","clk":"7706232485","pt":1540062056410,"mc":[{"id":"1.149846130","rc":[{"ltp":1.44,"id":2309522}]}]}
{"op":"mcm","clk":"7707395438","pt":1540071232454,"mc":[{"id":"1.149846130","rc":[{"ltp":1.46,"id":2309522}]}]}
{"op":"mcm","clk":"7707495396","pt":1540072123338,"mc":[{"id":"1.149846130","rc":[{"ltp":1.45,"id":2309522}]}]}
{"op":"mcm","clk":"7707983840","pt":1540076372241,"mc":[{"id":"1.149846130","rc":[{"ltp":3.1,"id":6199453},{"ltp":1.48,"id":2309522}]}]}
{"op":"mcm","clk":"7709479547","pt":1540095873237,"mc":[{"id":"1.149846130","rc":[{"ltp":3.05,"id":6199453}]}]}
{"op":"mcm","clk":"7709683288","pt":1540099185405,"mc":[{"id":"1.149846130","rc":[{"ltp":1.47,"id":2309522}]}]}
{"op":"mcm","clk":"7709909847","pt":1540102254727,"mc":[{"id":"1.149846130","rc":[{"ltp":3.1,"id":6199453}]}]}
{"op":"mcm","clk":"7709945765","pt":1540102783340,"mc":[{"id":"1.149846130","rc":[{"ltp":1.46,"id":2309522}]}]}
{"op":"mcm","clk":"7709953343","pt":1540102905929,"mc":[{"id":"1.149846130","rc":[{"ltp":1.47,"id":2309522}]}]}
{"op":"mcm","clk":"7709975203","pt":1540103037226,"mc":[{"id":"1.149846130","rc":[{"ltp":1.46,"id":2309522}]}]}
{"op":"mcm","clk":"7710003226","pt":1540103492133,"mc":[{"id":"1.149846130","rc":[{"ltp":3.15,"id":6199453}]}]}
{"op":"mcm","clk":"7710080276","pt":1540104643495,"mc":[{"id":"1.149846130","rc":[{"ltp":3.1,"id":6199453}]}]}
{"op":"mcm","clk":"7710122832","pt":1540105202270,"mc":[{"id":"1.149846130","rc":[{"ltp":3.2,"id":6199453}]}]}
{"op":"mcm","clk":"7710254025","pt":1540106800465,"mc":[{"id":"1.149846130","rc":[{"ltp":3.1,"id":6199453}]}]}
{"op":"mcm","clk":"7710289356","pt":1540107264039,"mc":[{"id":"1.149846130","rc":[{"ltp":1.47,"id":2309522}]}]}
{"op":"mcm","clk":"7710362737","pt":1540108075424,"mc":[{"id":"1.149846130","rc":[{"ltp":1.46,"id":2309522}]}]}
{"op":"mcm","clk":"7710561172","pt":1540110095785,"mc":[{"id":"1.149846130","rc":[{"ltp":3.15,"id":6199453}]}]}
{"op":"mcm","clk":"7710745268","pt":1540111597634,"mc":[{"id":"1.149846130","rc":[{"ltp":1.47,"id":2309522}]}]}
{"op":"mcm","clk":"7710781431","pt":1540111898795,"mc":[{"id":"1.149846130","rc":[{"ltp":1.46,"id":2309522}]}]}
{"op":"mcm","clk":"7710829726","pt":1540112216713,"mc":[{"id":"1.149846130","rc":[{"ltp":1.47,"id":2309522}]}]}
{"op":"mcm","clk":"7710830053","pt":1540112219134,"mc":[{"id":"1.149846130","rc":[{"ltp":1.48,"id":2309522}]}]}
{"op":"mcm","clk":"7710842355","pt":1540112323815,"mc":[{"id":"1.149846130","rc":[{"ltp":1.47,"id":2309522}]}]}
{"op":"mcm","clk":"7710888281","pt":1540112691417,"mc":[{"id":"1.149846130","rc":[{"ltp":3.1,"id":6199453},{"ltp":1.48,"id":2309522}]}]}
{"op":"mcm","clk":"7710991110","pt":1540113346173,"mc":[{"id":"1.149846130","rc":[{"ltp":1.49,"id":2309522}]}]}
{"op":"mcm","clk":"7711062638","pt":1540113775786,"mc":[{"id":"1.149846130","rc":[{"ltp":1.47,"id":2309522}]}]}
{"op":"mcm","clk":"7711077242","pt":1540113885275,"mc":[{"id":"1.149846130","rc":[{"ltp":1.48,"id":2309522}]}]}
{"op":"mcm","clk":"7711131562","pt":1540114293707,"mc":[{"id":"1.149846130","rc":[{"ltp":1.47,"id":2309522}]}]}
{"op":"mcm","clk":"7711201271","pt":1540114700995,"mc":[{"id":"1.149846130","rc":[{"ltp":1.48,"id":2309522}]}]}
{"op":"mcm","clk":"7711271301","pt":1540115154802,"mc":[{"id":"1.149846130","rc":[{"ltp":1.47,"id":2309522}]}]}
{"op":"mcm","clk":"7711371472","pt":1540115748116,"mc":[{"id":"1.149846130","rc":[{"ltp":1.48,"id":2309522}]}]}
{"op":"mcm","clk":"7711581106","pt":1540116775417,"mc":[{"id":"1.149846130","rc":[{"ltp":1.47,"id":2309522}]}]}
{"op":"mcm","clk":"7711612246","pt":1540116930519,"mc":[{"id":"1.149846130","rc":[{"ltp":1.48,"id":2309522}]}]}
{"op":"mcm","clk":"7711752149","pt":1540117610737,"mc":[{"id":"1.149846130","rc":[{"ltp":1.46,"id":2309522}]}]}
{"op":"mcm","clk":"7711763394","pt":1540117671119,"mc":[{"id":"1.149846130","rc":[{"ltp":3.05,"id":6199453},{"ltp":1.48,"id":2309522}]}]}
{"op":"mcm","clk":"7711786184","pt":1540117791785,"mc":[{"id":"1.149846130","rc":[{"ltp":3.1,"id":6199453}]}]}
{"op":"mcm","clk":"7711809446","pt":1540117901570,"mc":[{"id":"1.149846130","rc":[{"ltp":1.47,"id":2309522}]}]}
{"op":"mcm","clk":"7711833929","pt":1540118034130,"mc":[{"id":"1.149846130","rc":[{"ltp":1.48,"id":2309522}]}]}
{"op":"mcm","clk":"7711844937","pt":1540118090562,"mc":[{"id":"1.149846130","rc":[{"ltp":1.47,"id":2309522}]}]}
{"op":"mcm","clk":"7711859246","pt":1540118167244,"mc":[{"id":"1.149846130","rc":[{"ltp":1.46,"id":2309522}]}]}
{"op":"mcm","clk":"7711902676","pt":1540118337019,"mc":[{"id":"1.149846130","rc":[{"ltp":1.48,"id":2309522}]}]}
{"op":"mcm","clk":"7711935904","pt":1540118516918,"mc":[{"id":"1.149846130","rc":[{"ltp":1.47,"id":2309522}]}]}
{"op":"mcm","clk":"7711947040","pt":1540118576854,"mc":[{"id":"1.149846130","rc":[{"ltp":3.2,"id":6199453},{"ltp":1.46,"id":2309522}]}]}
{"op":"mcm","clk":"7711958053","pt":1540118636994,"mc":[{"id":"1.149846130","rc":[{"ltp":3.1,"id":6199453}]}]}
{"op":"mcm","clk":"7711969462","pt":1540118696810,"mc":[{"id":"1.149846130","rc":[{"ltp":3.15,"id":6199453}]}]}
{"op":"mcm","clk":"7711990034","pt":1540118809869,"mc":[{"id":"1.149846130","rc":[{"ltp":1.47,"id":2309522}]}]}
{"op":"mcm","clk":"7712000265","pt":1540118872990,"mc":[{"id":"1.149846130","rc":[{"ltp":1.46,"id":2309522}]}]}
{"op":"mcm","clk":"7712064470","pt":1540119235637,"mc":[{"id":"1.149846130","rc":[{"ltp":3.2,"id":6199453},{"ltp":1.45,"id":2309522}]}]}
{"op":"mcm","clk":"7712074641","pt":1540119295672,"mc":[{"id":"1.149846130","rc":[{"ltp":3.15,"id":6199453},{"ltp":1.46,"id":2309522}]}]}
{"op":"mcm","clk":"7712092825","pt":1540119416670,"mc":[{"id":"1.149846130","rc":[{"ltp":3.1,"id":6199453},{"ltp":1.47,"id":2309522}]}]}
{"op":"mcm","clk":"7712100678","pt":1540119470148,"mc":[{"id":"1.149846130","rc":[{"ltp":3.15,"id":6199453},{"ltp":1.46,"id":2309522}]}]}
{"op":"mcm","clk":"7712154276","pt":1540119776226,"mc":[{"id":"1.149846130","rc":[{"ltp":1.47,"id":2309522}]}]}
{"op":"mcm","clk":"7712165305","pt":1540119835394,"mc":[{"id":"1.149846130","rc":[{"ltp":1.46,"id":2309522}]}]}
{"op":"mcm","clk":"7712198419","pt":1540120016501,"mc":[{"id":"1.149846130","rc":[{"ltp":3.2,"id":6199453},{"ltp":1.47,"id":2309522}]}]}
{"op":"mcm","clk":"7712222056","pt":1540120072940,"mc":[{"id":"1.149846130","rc":[{"ltp":1.46,"id":2309522}]}]}
{"op":"mcm","clk":"7712235230","pt":1540120137040,"mc":[{"id":"1.149846130","rc":[{"ltp":3.1,"id":6199453},{"ltp":1.48,"id":2309522}]}]}
{"op":"mcm","clk":"7712246661","pt":1540120195395,"mc":[{"id":"1.149846130","rc":[{"ltp":1.47,"id":2309522}]}]}
{"op":"mcm","clk":"7712258364","pt":1540120256938,"mc":[{"id":"1.149846130","rc":[{"ltp":1.46,"id":2309522}]}]}
{"op":"mcm","clk":"7712269304","pt":1540120310934,"mc":[{"id":"1.149846130","rc":[{"ltp":1.47,"id":2309522}]}]}
{"op":"mcm","clk":"7712281962","pt":1540120368466,"mc":[{"id":"1.149846130","rc":[{"ltp":1.46,"id":2309522}]}]}
{"op":"mcm","clk":"7712307364","pt":1540120495865,"mc":[{"id":"1.149846130","rc":[{"ltp":1.47,"id":2309522}]}]}
{"op":"mcm","clk":"7712330846","pt":1540120611076,"mc":[{"id":"1.149846130","rc":[{"ltp":1.46,"id":2309522}]}]}
{"op":"mcm","clk":"7712343325","pt":1540120676966,"mc":[{"id":"1.149846130","rc":[{"ltp":3.15,"id":6199453},{"ltp":1.45,"id":2309522}]}]}
{"op":"mcm","clk":"7712355215","pt":1540120736889,"mc":[{"id":"1.149846130","rc":[{"ltp":1.46,"id":2309522}]}]}
{"op":"mcm","clk":"7712377840","pt":1540120854093,"mc":[{"id":"1.149846130","rc":[{"ltp":3.2,"id":6199453},{"ltp":1.45,"id":2309522}]}]}
{"op":"mcm","clk":"7712389426","pt":1540120913298,"mc":[{"id":"1.149846130","rc":[{"ltp":3.15,"id":6199453},{"ltp":1.46,"id":2309522}]}]}
{"op":"mcm","clk":"7712413862","pt":1540120976492,"mc":[{"id":"1.149846130","rc":[{"ltp":3.2,"id":6199453},{"ltp":1.45,"id":2309522}]}]}
{"op":"mcm","clk":"7712425716","pt":1540121036832,"mc":[{"id":"1.149846130","marketDefinition":{"bspMarket":false,"turnInPlayEnabled":true,"persistenceEnabled":true,"marketBaseRate":5.0,"eventId":"28964698","eventTypeId":"2","numberOfWinners":1,"bettingType":"ODDS","marketType":"MATCH_ODDS","marketTime":"2018-10-21T11:21:00.000Z","suspendTime":"2018-10-21T11:21:00.000Z","bspReconciled":false,"complete":true,"inPlay":false,"crossMatching":true,"runnersVoidable":false,"numberOfActiveRunners":2,"betDelay":0,"status":"OPEN","runners":[{"status":"ACTIVE","sortPriority":1,"id":2309522,"name":"Caroline Wozniacki"},{"status":"ACTIVE","sortPriority":2,"id":6199453,"name":"Karolina Pliskova"}],"regulators":["MR_INT"],"countryCode":"SG","discountAllowed":true,"timezone":"UTC","openDate":"2018-10-21T11:21:00.000Z","version":2467617424,"name":"Match Odds","eventName":"Wozniacki v Ka Pliskova"},"rc":[{"ltp":1.44,"id":2309522}]}]}
{"op":"mcm","clk":"7712438171","pt":1540121096963,"mc":[{"id":"1.149846130","rc":[{"ltp":3.25,"id":6199453},{"ltp":1.45,"id":2309522}]}]}
{"op":"mcm","clk":"7712448551","pt":1540121152642,"mc":[{"id":"1.149846130","rc":[{"ltp":3.15,"id":6199453}]}]}
{"op":"mcm","clk":"7712461007","pt":1540121217049,"mc":[{"id":"1.149846130","rc":[{"ltp":3.25,"id":6199453}]}]}
{"op":"mcm","clk":"7712472050","pt":1540121275798,"mc":[{"id":"1.149846130","rc":[{"ltp":3.2,"id":6199453}]}]}
{"op":"mcm","clk":"7712483895","pt":1540121332449,"mc":[{"id":"1.149846130","rc":[{"ltp":3.15,"id":6199453},{"ltp":1.46,"id":2309522}]}]}
{"op":"mcm","clk":"7712496975","pt":1540121396992,"mc":[{"id":"1.149846130","rc":[{"ltp":3.2,"id":6199453},{"ltp":1.45,"id":2309522}]}]}
{"op":"mcm","clk":"7712508747","pt":1540121452878,"mc":[{"id":"1.149846130","rc":[{"ltp":1.46,"id":2309522}]}]}
{"op":"mcm","clk":"7712520919","pt":1540121509850,"mc":[{"id":"1.149846130","rc":[{"ltp":1.45,"id":2309522}]}]}
{"op":"mcm","clk":"7712579242","pt":1540121816689,"mc":[{"id":"1.149846130","rc":[{"ltp":3.25,"id":6199453},{"ltp":1.44,"id":2309522}]}]}
{"op":"mcm","clk":"7712602473","pt":1540121876356,"mc":[{"id":"1.149846130","rc":[{"ltp":3.2,"id":6199453},{"ltp":1.45,"id":2309522}]}]}
{"op":"mcm","clk":"7712625814","pt":1540121995752,"mc":[{"id":"1.149846130","rc":[{"ltp":3.25,"id":6199453}]}]}
{"op":"mcm","clk":"7712637597","pt":1540122053701,"mc":[{"id":"1.149846130","rc":[{"ltp":1.46,"id":2309522}]}]}
{"op":"mcm","clk":"7712650070","pt":1540122115646,"mc":[{"id":"1.149846130","rc":[{"ltp":3.2,"id":6199453}]}]}
{"op":"mcm","clk":"7712662826","pt":1540122177034,"mc":[{"id":"1.149846130","marketDefinition":{"bspMarket":false,"turnInPlayEnabled":true,"persistenceEnabled":true,"marketBaseRate":5.0,"eventId":"28964698","eventTypeId":"2","numberOfWinners":1,"bettingType":"ODDS","marketType":"MATCH_ODDS","marketTime":"2018-10-21T11:21:00.000Z","suspendTime":"2018-10-21T11:21:00.000Z","bspReconciled":false,"complete":true,"inPlay":true,"crossMatching":true,"runnersVoidable":false,"numberOfActiveRunners":2,"betDelay":5,"status":"OPEN","runners":[{"status":"ACTIVE","sortPriority":1,"id":2309522,"name":"Caroline Wozniacki"},{"status":"ACTIVE","sortPriority":2,"id":6199453,"name":"Karolina Pliskova"}],"regulators":["MR_INT"],"countryCode":"SG","discountAllowed":true,"timezone":"UTC","openDate":"2018-10-21T11:21:00.000Z","version":2467716904,"name":"Match Odds","eventName":"Wozniacki v Ka Pliskova"},"rc":[{"ltp":3.5,"id":6199453},{"ltp":1.4,"id":2309522}]}]}
{"op":"mcm","clk":"7712675027","pt":1540122236891,"mc":[{"id":"1.149846130","rc":[{"ltp":3.4,"id":6199453},{"ltp":1.46,"id":2309522}]}]}
{"op":"mcm","clk":"7712687176","pt":1540122296908,"mc":[{"id":"1.149846130","rc":[{"ltp":3.6,"id":6199453},{"ltp":1.38,"id":2309522}]}]}
{"op":"mcm","clk":"7712699947","pt":1540122357052,"mc":[{"id":"1.149846130","rc":[{"ltp":3.35,"id":6199453},{"ltp":1.43,"id":2309522}]}]}
{"op":"mcm","clk":"7712711652","pt":1540122416991,"mc":[{"id":"1.149846130","rc":[{"ltp":4.1,"id":6199453},{"ltp":1.31,"id":2309522}]}]}
{"op":"mcm","clk":"7712722774","pt":1540122477067,"mc":[{"id":"1.149846130","rc":[{"ltp":4.3,"id":6199453},{"ltp":1.29,"id":2309522}]}]}
{"op":"mcm","clk":"7712733068","pt":1540122536797,"mc":[{"id":"1.149846130","rc":[{"ltp":3.3,"id":6199453},{"ltp":1.43,"id":2309522}]}]}
{"op":"mcm","clk":"7712743857","pt":1540122596715,"mc":[{"id":"1.149846130","rc":[{"ltp":3.35,"id":6199453},{"ltp":1.41,"id":2309522}]}]}
{"op":"mcm","clk":"7712753760","pt":1540122656851,"mc":[{"id":"1.149846130","rc":[{"ltp":3.55,"id":6199453},{"ltp":1.38,"id":2309522}]}]}
{"op":"mcm","clk":"7712763206","pt":1540122716988,"mc":[{"id":"1.149846130","rc":[{"ltp":3.1,"id":6199453},{"ltp":1.49,"id":2309522}]}]}
{"op":"mcm","clk":"7712785016","pt":1540122776675,"mc":[{"id":"1.149846130","rc":[{"ltp":3.0,"id":6199453}]}]}
{"op":"mcm","clk":"7712794116","pt":1540122837066,"mc":[{"id":"1.149846130","rc":[{"ltp":2.96,"id":6199453},{"ltp":1.53,"id":2309522}]}]}
{"op":"mcm","clk":"7712802899","pt":1540122896937,"mc":[{"id":"1.149846130","rc":[{"ltp":1.51,"id":2309522}]}]}
{"op":"mcm","clk":"7712811159","pt":1540122956882,"mc":[{"id":"1.149846130","rc":[{"ltp":2.84,"id":6199453},{"ltp":1.57,"id":2309522}]}]}
{"op":"mcm","clk":"7712819568","pt":1540123017017,"mc":[{"id":"1.149846130","rc":[{"ltp":2.2,"id":6199453},{"ltp":1.82,"id":2309522}]}]}
{"op":"mcm","clk":"7712828176","pt":1540123076916,"mc":[{"id":"1.149846130","rc":[{"ltp":2.24,"id":6199453},{"ltp":1.81,"id":2309522}]}]}
{"op":"mcm","clk":"7712837392","pt":1540123137032,"mc":[{"id":"1.149846130","rc":[{"ltp":2.26,"id":6199453},{"ltp":1.79,"id":2309522}]}]}
{"op":"mcm","clk":"7712847184","pt":1540123196269,"mc":[{"id":"1.149846130","rc":[{"ltp":2.48,"id":6199453},{"ltp":1.64,"id":2309522}]}]}
{"op":"mcm","clk":"7712857707","pt":1540123256976,"mc":[{"id":"1.149846130","rc":[{"ltp":2.52,"id":6199453}]}]}
{"op":"mcm","clk":"7712868055","pt":1540123317047,"mc":[{"id":"1.149846130","rc":[{"ltp":2.02,"id":6199453},{"ltp":1.98,"id":2309522}]}]}
{"op":"mcm","clk":"7712878748","pt":1540123377011,"mc":[{"id":"1.149846130","rc":[{"ltp":1.91,"id":6199453},{"ltp":2.08,"id":2309522}]}]}
{"op":"mcm","clk":"7712888823","pt":1540123436902,"mc":[{"id":"1.149846130","rc":[{"ltp":1.7,"id":6199453},{"ltp":2.4,"id":2309522}]}]}
{"op":"mcm","clk":"7712898993","pt":1540123497067,"mc":[{"id":"1.149846130","rc":[{"ltp":1.64,"id":6199453},{"ltp":2.56,"id":2309522}]}]}
{"op":"mcm","clk":"7712909748","pt":1540123556334,"mc":[{"id":"1.149846130","rc":[{"ltp":2.5,"id":2309522}]}]}
{"op":"mcm","clk":"7712919701","pt":1540123616979,"mc":[{"id":"1.149846130","rc":[{"ltp":1.59,"id":6199453},{"ltp":2.66,"id":2309522}]}]}
{"op":"mcm","clk":"7712941320","pt":1540123676412,"mc":[{"id":"1.149846130","rc":[{"ltp":1.67,"id":6199453},{"ltp":2.52,"id":2309522}]}]}
{"op":"mcm","clk":"7712951161","pt":1540123737022,"mc":[{"id":"1.149846130","rc":[{"ltp":1.83,"id":6199453},{"ltp":2.18,"id":2309522}]}]}
{"op":"mcm","clk":"7712961307","pt":1540123796474,"mc":[{"id":"1.149846130","rc":[{"ltp":1.82,"id":6199453},{"ltp":2.2,"id":2309522}]}]}
{"op":"mcm","clk":"7712971373","pt":1540123856824,"mc":[{"id":"1.149846130","rc":[{"ltp":1.61,"id":6199453},{"ltp":2.64,"id":2309522}]}]}
{"op":"mcm","clk":"7712981384","pt":1540123916922,"mc":[{"id":"1.149846130","rc":[{"ltp":1.57,"id":6199453},{"ltp":2.76,"id":2309522}]}]}
{"op":"mcm","clk":"7712991289","pt":1540123976796,"mc":[{"id":"1.149846130","rc":[{"ltp":1.62,"id":6199453},{"ltp":2.62,"id":2309522}]}]}
{"op":"mcm","clk":"7713001865","pt":1540124036692,"mc":[{"id":"1.149846130","rc":[{"ltp":1.64,"id":6199453},{"ltp":2.6,"id":2309522}]}]}
{"op":"mcm","clk":"7713012552","pt":1540124096413,"mc":[{"id":"1.149846130","rc":[{"ltp":1.66,"id":6199453},{"ltp":2.52,"id":2309522}]}]}
{"op":"mcm","clk":"7713023014","pt":1540124156985,"mc":[{"id":"1.149846130","rc":[{"ltp":2.5,"id":2309522}]}]}
{"op":"mcm","clk":"7713032097","pt":1540124217067,"mc":[{"id":"1.149846130","rc":[{"ltp":1.58,"id":6199453},{"ltp":2.68,"id":2309522}]}]}
{"op":"mcm","clk":"7713041532","pt":1540124276790,"mc":[{"id":"1.149846130","rc":[{"ltp":1.59,"id":6199453}]}]}
{"op":"mcm","clk":"7713051355","pt":1540124336967,"mc":[{"id":"1.149846130","rc":[{"ltp":1.56,"id":6199453},{"ltp":2.78,"id":2309522}]}]}
{"op":"mcm","clk":"7713060908","pt":1540124396451,"mc":[{"id":"1.149846130","rc":[{"ltp":1.53,"id":6199453},{"ltp":2.88,"id":2309522}]}]}
{"op":"mcm","clk":"7713070411","pt":1540124457048,"mc":[{"id":"1.149846130","rc":[{"ltp":2.9,"id":2309522}]}]}
{"op":"mcm","clk":"7713079591","pt":1540124516754,"mc":[{"id":"1.149846130","rc":[{"ltp":1.39,"id":6199453},{"ltp":3.55,"id":2309522}]}]}
{"op":"mcm","clk":"7713100011","pt":1540124576848,"mc":[{"id":"1.149846130","rc":[{"ltp":1.32,"id":6199453},{"ltp":4.0,"id":2309522}]}]}
{"op":"mcm","clk":"7713108364","pt":1540124636718,"mc":[{"id":"1.149846130","rc":[{"ltp":1.4,"id":6199453},{"ltp":3.6,"id":2309522}]}]}
{"op":"mcm","clk":"7713116540","pt":1540124696715,"mc":[{"id":"1.149846130","rc":[{"ltp":1.27,"id":6199453},{"ltp":4.7,"id":2309522}]}]}
{"op":"mcm","clk":"7713125233","pt":1540124756899,"mc":[{"id":"1.149846130","rc":[{"ltp":1.29,"id":6199453}]}]}
{"op":"mcm","clk":"7713133912","pt":1540124817016,"mc":[{"id":"1.149846130","rc":[{"ltp":1.36,"id":6199453},{"ltp":3.9,"id":2309522}]}]}
{"op":"mcm","clk":"7713143072","pt":1540124876998,"mc":[{"id":"1.149846130","rc":[{"ltp":1.39,"id":6199453},{"ltp":3.55,"id":2309522}]}]}
{"op":"mcm","clk":"7713152405","pt":1540124937027,"mc":[{"id":"1.149846130","rc":[{"ltp":1.24,"id":6199453},{"ltp":5.1,"id":2309522}]}]}
{"op":"mcm","clk":"7713162032","pt":1540124997051,"mc":[{"id":"1.149846130","rc":[{"ltp":1.41,"id":6199453},{"ltp":3.45,"id":2309522}]}]}
{"op":"mcm","clk":"7713172340","pt":1540125056916,"mc":[{"id":"1.149846130","rc":[{"ltp":1.26,"id":6199453},{"ltp":4.8,"id":2309522}]}]}
{"op":"mcm","clk":"7713182153","pt":1540125116984,"mc":[{"id":"1.149846130","rc":[{"ltp":1.25,"id":6199453},{"ltp":4.3,"id":2309522}]}]}
{"op":"mcm","clk":"7713191433","pt":1540125177050,"mc":[{"id":"1.149846130","rc":[{"ltp":1.2,"id":6199453},{"ltp":5.9,"id":2309522}]}]}
{"op":"mcm","clk":"7713200955","pt":1540125236922,"mc":[{"id":"1.149846130","rc":[{"ltp":1.25,"id":6199453},{"ltp":5.0,"id":2309522}]}]}
{"op":"mcm","clk":"7713210432","pt":1540125296480,"mc":[{"id":"1.149846130","rc":[{"ltp":1.31,"id":6199453},{"ltp":4.5,"id":2309522}]}]}
{"op":"mcm","clk":"7713220934","pt":1540125356989,"mc":[{"id":"1.149846130","rc":[{"ltp":1.3,"id":6199453},{"ltp":4.4,"id":2309522}]}]}
{"op":"mcm","clk":"7713230464","pt":1540125416172,"mc":[{"id":"1.149846130","rc":[{"ltp":1.32,"id":6199453},{"ltp":4.1,"id":2309522}]}]}
{"op":"mcm","clk":"7713251923","pt":1540125476665,"mc":[{"id":"1.149846130","rc":[{"ltp":1.27,"id":6199453},{"ltp":4.8,"id":2309522}]}]}
{"op":"mcm","clk":"7713261748","pt":1540125536682,"mc":[{"id":"1.149846130","rc":[{"ltp":1.2,"id":6199453},{"ltp":6.0,"id":2309522}]}]}
{"op":"mcm","clk":"7713271911","pt":1540125596976,"mc":[{"id":"1.149846130","rc":[{"ltp":1.19,"id":6199453},{"ltp":6.2,"id":2309522}]}]}
{"op":"mcm","clk":"7713281999","pt":1540125657010,"mc":[{"id":"1.149846130","rc":[{"ltp":1.17,"id":6199453},{"ltp":7.2,"id":2309522}]}]}
{"op":"mcm","clk":"7713292048","pt":1540125716409,"mc":[{"id":"1.149846130","rc":[{"ltp":1.13,"id":6199453},{"ltp":8.0,"id":2309522}]}]}
{"op":"mcm","clk":"7713301751","pt":1540125777052,"mc":[{"id":"1.149846130","rc":[{"ltp":1.19,"id":6199453},{"ltp":6.6,"id":2309522}]}]}
{"op":"mcm","clk":"7713311896","pt":1540125836982,"mc":[{"id":"1.149846130","rc":[{"ltp":5.6,"id":2309522}]}]}
{"op":"mcm","clk":"7713322105","pt":1540125896982,"mc":[{"id":"1.149846130","rc":[{"ltp":1.17,"id":6199453},{"ltp":7.0,"id":2309522}]}]}
{"op":"mcm","clk":"7713332620","pt":1540125956764,"mc":[{"id":"1.149846130","rc":[{"ltp":6.4,"id":2309522}]}]}
{"op":"mcm","clk":"7713343057","pt":1540126016979,"mc":[{"id":"1.149846130","rc":[{"ltp":1.22,"id":6199453},{"ltp":5.5,"id":2309522}]}]}
{"op":"mcm","clk":"7713353470","pt":1540126076835,"mc":[{"id":"1.149846130","rc":[{"ltp":1.26,"id":6199453},{"ltp":5.0,"id":2309522}]}]}
{"op":"mcm","clk":"7713363224","pt":1540126136611,"mc":[{"id":"1.149846130","rc":[{"ltp":4.9,"id":2309522}]}]}
{"op":"mcm","clk":"7713372859","pt":1540126196763,"mc":[{"id":"1.149846130","rc":[{"ltp":1.21,"id":6199453},{"ltp":5.8,"id":2309522}]}]}
{"op":"mcm","clk":"7713383262","pt":1540126256846,"mc":[{"id":"1.149846130","rc":[{"ltp":1.15,"id":6199453},{"ltp":7.6,"id":2309522}]}]}
{"op":"mcm","clk":"7713393439","pt":1540126317000,"mc":[{"id":"1.149846130","rc":[{"ltp":1.13,"id":6199453},{"ltp":8.8,"id":2309522}]}]}
{"op":"mcm","clk":"7713414850","pt":1540126376214,"mc":[{"id":"1.149846130","rc":[{"ltp":1.18,"id":6199453},{"ltp":7.0,"id":2309522}]}]}
{"op":"mcm","clk":"7713424441","pt":1540126436905,"mc":[{"id":"1.149846130","rc":[{"ltp":6.2,"id":2309522}]}]}
{"op":"mcm","clk":"7713433401","pt":1540126497038,"mc":[{"id":"1.149846130","rc":[{"ltp":1.19,"id":6199453}]}]}
{"op":"mcm","clk":"7713442674","pt":1540126555978,"mc":[{"id":"1.149846130","rc":[{"ltp":1.2,"id":6199453},{"ltp":6.0,"id":2309522}]}]}
{"op":"mcm","clk":"7713452329","pt":1540126617066,"mc":[{"id":"1.149846130","rc":[{"ltp":1.21,"id":6199453},{"ltp":5.8,"id":2309522}]}]}
{"op":"mcm","clk":"7713461799","pt":1540126676898,"mc":[{"id":"1.149846130","rc":[{"ltp":1.22,"id":6199453},{"ltp":5.6,"id":2309522}]}]}
{"op":"mcm","clk":"7713472041","pt":1540126736854,"mc":[{"id":"1.149846130","rc":[{"ltp":1.23,"id":6199453},{"ltp":3.9,"id":2309522}]}]}
{"op":"mcm","clk":"7713482676","pt":1540126797052,"mc":[{"id":"1.149846130","rc":[{"ltp":1.16,"id":6199453},{"ltp":7.2,"id":2309522}]}]}
{"op":"mcm","clk":"7713495449","pt":1540126856896,"mc":[{"id":"1.149846130","rc":[{"ltp":1.09,"id":6199453},{"ltp":12.0,"id":2309522}]}]}
{"op":"mcm","clk":"7713507915","pt":1540126917025,"mc":[{"id":"1.149846130","rc":[{"ltp":1.07,"id":6199453},{"ltp":18.0,"id":2309522}]}]}
{"op":"mcm","clk":"7713520209","pt":1540126977053,"mc":[{"id":"1.149846130","rc":[{"ltp":1.08,"id":6199453},{"ltp":13.5,"id":2309522}]}]}
{"op":"mcm","clk":"7713532798","pt":1540127035113,"mc":[{"id":"1.149846130","rc":[{"ltp":1.06,"id":6199453},{"ltp":18.5,"id":2309522}]}]}
{"op":"mcm","clk":"7713545926","pt":1540127096544,"mc":[{"id":"1.149846130","rc":[{"ltp":1.05,"id":6199453},{"ltp":26.0,"id":2309522}]}]}
{"op":"mcm","clk":"7713559124","pt":1540127157054,"mc":[{"id":"1.149846130","rc":[{"ltp":1.08,"id":6199453},{"ltp":13.5,"id":2309522}]}]}
{"op":"mcm","clk":"7713572484","pt":1540127216441,"mc":[{"id":"1.149846130","rc":[{"ltp":1.09,"id":6199453},{"ltp":13.0,"id":2309522}]}]}
{"op":"mcm","clk":"7713598095","pt":1540127277070,"mc":[{"id":"1.149846130","rc":[{"ltp":1.08,"id":6199453},{"ltp":13.5,"id":2309522}]}]}
{"op":"mcm","clk":"7713611192","pt":1540127336972,"mc":[{"id":"1.149846130","rc":[{"ltp":1.12,"id":6199453},{"ltp":9.2,"id":2309522}]}]}
{"op":"mcm","clk":"7713623979","pt":1540127396526,"mc":[{"id":"1.149846130","rc":[{"ltp":1.13,"id":6199453},{"ltp":9.0,"id":2309522}]}]}
{"op":"mcm","clk":"7713637746","pt":1540127456935,"mc":[{"id":"1.149846130","rc":[{"ltp":1.08,"id":6199453},{"ltp":13.5,"id":2309522}]}]}
{"op":"mcm","clk":"7713651977","pt":1540127517069,"mc":[{"id":"1.149846130","rc":[{"ltp":1.13,"id":6199453},{"ltp":8.8,"id":2309522}]}]}
{"op":"mcm","clk":"7713665348","pt":1540127576964,"mc":[{"id":"1.149846130","rc":[{"ltp":1.4,"id":6199453},{"ltp":3.5,"id":2309522}]}]}
{"op":"mcm","clk":"7713678812","pt":1540127637013,"mc":[{"id":"1.149846130","rc":[{"ltp":1.14,"id":6199453},{"ltp":5.1,"id":2309522}]}]}
{"op":"mcm","clk":"7713692622","pt":1540127696798,"mc":[{"id":"1.149846130","marketDefinition":{"bspMarket":false,"turnInPlayEnabled":true,"persistenceEnabled":true,"marketBaseRate":5.0,"eventId":"28964698","eventTypeId":"2","numberOfWinners":1,"bettingType":"ODDS","marketType":"MATCH_ODDS","marketTime":"2018-10-21T11:21:00.000Z","suspendTime":"2018-10-21T11:21:00.000Z","bspReconciled":false,"complete":true,"inPlay":true,"crossMatching":true,"runnersVoidable":false,"numberOfActiveRunners":2,"betDelay":5,"status":"SUSPENDED","runners":[{"status":"ACTIVE","sortPriority":1,"id":2309522,"name":"Caroline Wozniacki"},{"status":"ACTIVE","sortPriority":2,"id":6199453,"name":"Karolina Pliskova"}],"regulators":["MR_INT"],"countryCode":"SG","discountAllowed":true,"timezone":"UTC","openDate":"2018-10-21T11:21:00.000Z","version":2468049122,"name":"Match Odds","eventName":"Wozniacki v Ka Pliskova"},"rc":[{"ltp":1.06,"id":6199453},{"ltp":17.5,"id":2309522}]}]}
{"op":"mcm","clk":"7713706303","pt":1540127757926,"mc":[{"id":"1.149846130","marketDefinition":{"bspMarket":false,"turnInPlayEnabled":true,"persistenceEnabled":true,"marketBaseRate":5.0,"eventId":"28964698","eventTypeId":"2","numberOfWinners":1,"bettingType":"ODDS","marketType":"MATCH_ODDS","marketTime":"2018-10-21T11:21:00.000Z","suspendTime":"2018-10-21T11:21:00.000Z","bspReconciled":false,"complete":true,"inPlay":true,"crossMatching":false,"runnersVoidable":false,"numberOfActiveRunners":0,"betDelay":5,"status":"CLOSED","settledTime":"2018-10-21T13:15:32.000Z","runners":[{"status":"LOSER","sortPriority":1,"id":2309522,"name":"Caroline Wozniacki"},{"status":"WINNER","sortPriority":2,"id":6199453,"name":"Karolina Pliskova"}],"regulators":["MR_INT"],"countryCode":"SG","discountAllowed":true,"timezone":"UTC","openDate":"2018-10-21T11:21:00.000Z","version":2468054221,"name":"Match Odds","eventName":"Wozniacki v Ka Pliskova"}}]}
