{"op":"mcm","clk":"7634066495","pt":1539363306694,"mc":[{"id":"1.149495376","marketDefinition":{"bspMarket":false,"turnInPlayEnabled":true,"persistenceEnabled":true,"marketBaseRate":5.0,"eventId":"28953397","eventTypeId":"2","numberOfWinners":1,"bettingType":"ODDS","marketType":"MATCH_ODDS","marketTime":"2018-10-13T12:00:00.000Z","suspendTime":"2018-10-13T12:00:00.000Z","bspReconciled":false,"complete":true,"inPlay":false,"crossMatching":true,"runnersVoidable":false,"numberOfActiveRunners":2,"betDelay":0,"status":"OPEN","runners":[{"status":"ACTIVE","sortPriority":1,"id":5548385,"name":"Alison Van Uytvanck"},{"status":"ACTIVE","sortPriority":2,"id":5619012,"name":"Camila Giorgi"}],"regulators":["MR_INT"],"countryCode":"AT","discountAllowed":true,"timezone":"UTC","openDate":"2018-10-13T12:00:00.000Z","version":2451158871,"name":"Match Odds","eventName":"Van Uytvanck v Giorgi"}}]}
{"op":"mcm","clk":"7635221183","pt":1539370639140,"mc":[{"id":"1.149495376","rc":[{"ltp":1.73,"id":5619012}]}]}
{"op":"mcm","clk":"7635588308","pt":1539373031601,"mc":[{"id":"1.149495376","rc":[{"ltp":2.4,"id":5548385},{"ltp":1.68,"id":5619012}]}]}
{"op":"mcm","clk":"7635611855","pt":1539373222725,"mc":[{"id":"1.149495376","rc":[{"ltp":1.67,"id":5619012}]}]}
{"op":"mcm","clk":"7635775015","pt":1539374506998,"mc":[{"id":"1.149495376","rc":[{"ltp":2.34,"id":5548385},{"ltp":1.74,"id":5619012}]}]}
{"op":"mcm","clk":"7635831837","pt":1539374905720,"mc":[{"id":"1.149495376","rc":[{"ltp":1.66,"id":5619012}]}]}
{"op":"mcm","clk":"7635876368","pt":1539375326780,"mc":[{"id":"1.149495376","rc":[{"ltp":1.73,"id":5619012}]}]}
{"op":"mcm","clk":"7635954153","pt":1539375983851,"mc":[{"id":"1.149495376","rc":[{"ltp":1.63,"id":5619012}]}]}
{"op":"mcm","clk":"7635970582","pt":1539376150898,"mc":[{"id":"1.149495376","rc":[{"ltp":1.72,"id":5619012}]}]}
{"op":"mcm","clk":"7635974384","pt":1539376193053,"mc":[{"id":"1.149495376","rc":[{"ltp":1.73,"id":5619012}]}]}
{"op":"mcm","clk":"7636107101","pt":1539377726690,"mc":[{"id":"1.149495376","rc":[{"ltp":1.67,"id":5619012}]}]}
{"op":"mcm","clk":"7636286407","pt":1539380652542,"mc":[{"id":"1.149495376","rc":[{"ltp":1.7,"id":5619012}]}]}
{"op":"mcm","clk":"7636436629","pt":1539383838909,"mc":[{"id":"1.149495376","rc":[{"ltp":1.68,"id":5619012}]}]}
{"op":"mcm","clk":"7636533781","pt":1539385804884,"mc":[{"id":"1.149495376","rc":[{"ltp":1.67,"id":5619012}]}]}
{"op":"mcm","clk":"7636935819","pt":1539392757801,"mc":[{"id":"1.149495376","rc":[{"ltp":2.4,"id":5548385},{"ltp":1.7,"id":5619012}]}]}
{"op":"mcm","clk":"7637084945","pt":1539394791985,"mc":[{"id":"1.149495376","rc":[{"ltp":1.72,"id":5619012}]}]}
{"op":"mcm","clk":"7637559416","pt":1539403227649,"mc":[{"id":"1.149495376","rc":[{"ltp":2.46,"id":5548385},{"ltp":1.68,"id":5619012}]}]}
{"op":"mcm","clk":"7637930740","pt":1539408354079,"mc":[{"id":"1.149495376","rc":[{"ltp":1.67,"id":5619012}]}]}
{"op":"mcm","clk":"7638230184","pt":1539412161192,"mc":[{"id":"1.149495376","rc":[{"ltp":2.42,"id":5548385},{"ltp":1.68,"id":5619012}]}]}
{"op":"mcm","clk":"7638276378","pt":1539412662214,"mc":[{"id":"1.149495376","rc":[{"ltp":1.67,"id":5619012}]}]}
{"op":"mcm","clk":"7638393294","pt":1539414088006,"mc":[{"id":"1.149495376","rc":[{"ltp":2.44,"id":5548385}]}]}
{"op":"mcm","clk":"7638395793","pt":1539414114131,"mc":[{"id":"1.149495376","rc":[{"ltp":1.68,"id":5619012}]}]}
{"op":"mcm","clk":"7638486463","pt":1539415045485,"mc":[{"id":"1.149495376","rc":[{"ltp":2.46,"id":5548385}]}]}
{"op":"mcm","clk":"7638547885","pt":1539415587891,"mc":[{"id":"1.149495376","rc":[{"ltp":2.48,"id":5548385},{"ltp":1.67,"id":5619012}]}]}
{"op":"mcm","clk":"7638690708","pt":1539416890390,"mc":[{"id":"1.149495376","rc":[{"ltp":1.68,"id":5619012}]}]}
{"op":"mcm","clk":"7638703257","pt":1539417034969,"mc":[{"id":"1.149495376","rc":[{"ltp":1.69,"id":5619012}]}]}
{"op":"mcm","clk":"7638862890","pt":1539418382359,"mc":[{"id":"1.149495376","rc":[{"ltp":1.67,"id":5619012}]}]}
{"op":"mcm","clk":"7638969447","pt":1539419289307,"mc":[{"id":"1.149495376","rc":[{"ltp":1.66,"id":5619012}]}]}
{"op":"mcm","clk":"7639011928","pt":1539419723009,"mc":[{"id":"1.149495376","rc":[{"ltp":1.67,"id":5619012}]}]}
{"op":"mcm","clk":"7639012447","pt":1539419728913,"mc":[{"id":"1.149495376","rc":[{"ltp":1.68,"id":5619012}]}]}
{"op":"mcm","clk":"7639156106","pt":1539420904572,"mc":[{"id":"1.149495376","rc":[{"ltp":2.46,"id":5548385}]}]}
{"op":"mcm","clk":"7639239936","pt":1539421584619,"mc":[{"id":"1.149495376","rc":[{"ltp":1.67,"id":5619012}]}]}
{"op":"mcm","clk":"7639282277","pt":1539421800178,"mc":[{"id":"1.149495376","rc":[{"ltp":1.66,"id":5619012}]}]}
{"op":"mcm","clk":"7639332131","pt":1539422141180,"mc":[{"id":"1.149495376","rc":[{"ltp":1.65,"id":5619012}]}]}
{"op":"mcm","clk":"7639509893","pt":1539423262933,"mc":[{"id":"1.149495376","rc":[{"ltp":2.54,"id":5548385}]}]}
{"op":"mcm","clk":"7639546700","pt":1539423456872,"mc":[{"id":"1.149495376","rc":[{"ltp":1.66,"id":5619012}]}]}
{"op":"mcm","clk":"7639640927","pt":1539424162538,"mc":[{"id":"1.149495376","rc":[{"ltp":2.5,"id":5548385}]}]}
{"op":"mcm","clk":"7639646953","pt":1539424205670,"mc":[{"id":"1.149495376","rc":[{"ltp":2.54,"id":5548385},{"ltp":1.64,"id":5619012}]}]}
{"op":"mcm","clk":"7639730188","pt":1539424766070,"mc":[{"id":"1.149495376","rc":[{"ltp":2.56,"id":5548385}]}]}
{"op":"mcm","clk":"7639795079","pt":1539425210146,"mc":[{"id":"1.149495376","rc":[{"ltp":1.63,"id":5619012}]}]}
{"op":"mcm","clk":"7639906317","pt":1539425897259,"mc":[{"id":"1.149495376","rc":[{"ltp":2.54,"id":5548385}]}]}
{"op":"mcm","clk":"7639953149","pt":1539426139073,"mc":[{"id":"1.149495376","rc":[{"ltp":1.64,"id":5619012}]}]}
{"op":"mcm","clk":"7639980624","pt":1539426327483,"mc":[{"id":"1.149495376","rc":[{"ltp":2.62,"id":5548385},{"ltp":1.62,"id":5619012}]}]}
{"op":"mcm","clk":"7639987541","pt":1539426369357,"mc":[{"id":"1.149495376","rc":[{"ltp":1.63,"id":5619012}]}]}
{"op":"mcm","clk":"7640123687","pt":1539427241467,"mc":[{"id":"1.149495376","rc":[{"ltp":1.65,"id":5619012}]}]}
{"op":"mcm","clk":"7640137037","pt":1539427339856,"mc":[{"id":"1.149495376","rc":[{"ltp":2.54,"id":5548385},{"ltp":1.63,"id":5619012}]}]}
{"op":"mcm","clk":"7640144341","pt":1539427393104,"mc":[{"id":"1.149495376","rc":[{"ltp":2.6,"id":5548385}]}]}
{"op":"mcm","clk":"7640153361","pt":1539427464026,"mc":[{"id":"1.149495376","rc":[{"ltp":2.58,"id":5548385},{"ltp":1.64,"id":5619012}]}]}
{"op":"mcm","clk":"7640176177","pt":1539427647988,"mc":[{"id":"1.149495376","rc":[{"ltp":1.63,"id":5619012}]}]}
{"op":"mcm","clk":"7640182962","pt":1539427705395,"mc":[{"id":"1.149495376","rc":[{"ltp":1.62,"id":5619012}]}]}
{"op":"mcm","clk":"7640189856","pt":1539427760119,"mc":[{"id":"1.149495376","rc":[{"ltp":1.64,"id":5619012}]}]}
{"op":"mcm","clk":"7640198136","pt":1539427827033,"mc":[{"id":"1.149495376","rc":[{"ltp":1.62,"id":5619012}]}]}
{"op":"mcm","clk":"7640225618","pt":1539427960680,"mc":[{"id":"1.149495376","rc":[{"ltp":1.63,"id":5619012}]}]}
{"op":"mcm","clk":"7640240502","pt":1539428109414,"mc":[{"id":"1.149495376","rc":[{"ltp":1.65,"id":5619012}]}]}
{"op":"mcm","clk":"7640282749","pt":1539428486003,"mc":[{"id":"1.149495376","rc":[{"ltp":1.63,"id":5619012}]}]}
{"op":"mcm","clk":"7640299281","pt":1539428601216,"mc":[{"id":"1.149495376","rc":[{"ltp":1.64,"id":5619012}]}]}
{"op":"mcm","clk":"7640352561","pt":1539428898266,"mc":[{"id":"1.149495376","rc":[{"ltp":1.63,"id":5619012}]}]}
{"op":"mcm","clk":"7640376974","pt":1539429083955,"mc":[{"id":"1.149495376","rc":[{"ltp":1.62,"id":5619012}]}]}
{"op":"mcm","clk":"7640384887","pt":1539429144006,"mc":[{"id":"1.149495376","rc":[{"ltp":1.63,"id":5619012}]}]}
{"op":"mcm","clk":"7640392003","pt":1539429199513,"mc":[{"id":"1.149495376","rc":[{"ltp":1.62,"id":5619012}]}]}
{"op":"mcm","clk":"7640399724","pt":1539429261073,"mc":[{"id":"1.149495376","rc":[{"ltp":2.56,"id":5548385}]}]}
{"op":"mcm","clk":"7640415842","pt":1539429379130,"mc":[{"id":"1.149495376","rc":[{"ltp":2.62,"id":5548385}]}]}
{"op":"mcm","clk":"7640420857","pt":1539429415158,"mc":[{"id":"1.149495376","rc":[{"ltp":1.63,"id":5619012}]}]}
{"op":"mcm","clk":"7640433145","pt":1539429508007,"mc":[{"id":"1.149495376","rc":[{"ltp":1.62,"id":5619012}]}]}
{"op":"mcm","clk":"7640436660","pt":1539429533828,"mc":[{"id":"1.149495376","rc":[{"ltp":1.63,"id":5619012}]}]}
{"op":"mcm","clk":"7640449881","pt":1539429624987,"mc":[{"id":"1.149495376","rc":[{"ltp":2.52,"id":5548385},{"ltp":1.65,"id":5619012}]}]}
{"op":"mcm","clk":"7640458534","pt":1539429684675,"mc":[{"id":"1.149495376","rc":[{"ltp":2.58,"id":5548385},{"ltp":1.62,"id":5619012}]}]}
{"op":"mcm","clk":"7640485922","pt":1539429806553,"mc":[{"id":"1.149495376","rc":[{"ltp":2.56,"id":5548385},{"ltp":1.65,"id":5619012}]}]}
{"op":"mcm","clk":"7640493559","pt":1539429866769,"mc":[{"id":"1.149495376","rc":[{"ltp":1.64,"id":5619012}]}]}
{"op":"mcm","clk":"7640501377","pt":1539429927682,"mc":[{"id":"1.149495376","rc":[{"ltp":1.61,"id":5619012}]}]}
{"op":"mcm","clk":"7640530705","pt":1539430150039,"mc":[{"id":"1.149495376","rc":[{"ltp":2.66,"id":5548385},{"ltp":1.6,"id":5619012}]}]}
{"op":"mcm","clk":"7640565840","pt":1539430407838,"mc":[{"id":"1.149495376","rc":[{"ltp":2.74,"id":5548385},{"ltp":1.58,"id":5619012}]}]}
{"op":"mcm","clk":"7640573984","pt":1539430465118,"mc":[{"id":"1.149495376","rc":[{"ltp":2.72,"id":5548385},{"ltp":1.57,"id":5619012}]}]}
{"op":"mcm","clk":"7640583076","pt":1539430528055,"mc":[{"id":"1.149495376","rc":[{"ltp":2.74,"id":5548385},{"ltp":1.58,"id":5619012}]}]}
{"op":"mcm","clk":"7640632274","pt":1539430808025,"mc":[{"id":"1.149495376","rc":[{"ltp":1.59,"id":5619012}]}]}
{"op":"mcm","clk":"7640639116","pt":1539430861632,"mc":[{"id":"1.149495376","rc":[{"ltp":1.6,"id":5619012}]}]}
{"op":"mcm","clk":"7640646606","pt":1539430912472,"mc":[{"id":"1.149495376","rc":[{"ltp":2.7,"id":5548385},{"ltp":1.59,"id":5619012}]}]}
{"op":"mcm","clk":"7640659621","pt":1539431006413,"mc":[{"id":"1.149495376","rc":[{"ltp":1.6,"id":5619012}]}]}
{"op":"mcm","clk":"7640666835","pt":1539431058376,"mc":[{"id":"1.149495376","rc":[{"ltp":1.59,"id":5619012}]}]}
{"op":"mcm","clk":"7640675860","pt":1539431128131,"mc":[{"id":"1.149495376","rc":[{"ltp":1.58,"id":5619012}]}]}
{"op":"mcm","clk":"7640682162","pt":1539431177434,"mc":[{"id":"1.149495376","rc":[{"ltp":2.74,"id":5548385},{"ltp":1.59,"id":5619012}]}]}
{"op":"mcm","clk":"7640697569","pt":1539431305438,"mc":[{"id":"1.149495376","rc":[{"ltp":1.57,"id":5619012}]}]}
{"op":"mcm","clk":"7640705021","pt":1539431367133,"mc":[{"id":"1.149495376","rc":[{"ltp":2.8,"id":5548385}]}]}
{"op":"mcm","clk":"7640712329","pt":1539431427695,"mc":[{"id":"1.149495376","rc":[{"ltp":1.55,"id":5619012}]}]}
{"op":"mcm","clk":"7640738642","pt":1539431547535,"mc":[{"id":"1.149495376","rc":[{"ltp":2.82,"id":5548385}]}]}
{"op":"mcm","clk":"7640746002","pt":1539431607192,"mc":[{"id":"1.149495376","rc":[{"ltp":1.56,"id":5619012}]}]}
{"op":"mcm","clk":"7640760032","pt":1539431723748,"mc":[{"id":"1.149495376","rc":[{"ltp":2.74,"id":5548385},{"ltp":1.57,"id":5619012}]}]}
{"op":"mcm","clk":"7640766913","pt":1539431786716,"mc":[{"id":"1.149495376","rc":[{"ltp":2.82,"id":5548385},{"ltp":1.55,"id":5619012}]}]}
{"op":"mcm","clk":"7640773904","pt":1539431847175,"mc":[{"id":"1.149495376","rc":[{"ltp":2.8,"id":5548385},{"ltp":1.58,"id":5619012}]}]}
{"op":"mcm","clk":"7640781456","pt":1539431908065,"mc":[{"id":"1.149495376","rc":[{"ltp":1.56,"id":5619012}]}]}
{"op":"mcm","clk":"7640789857","pt":1539431968072,"mc":[{"id":"1.149495376","marketDefinition":{"bspMarket":false,"turnInPlayEnabled":true,"persistenceEnabled":true,"marketBaseRate":5.0,"eventId":"28953397","eventTypeId":"2","numberOfWinners":1,"bettingType":"ODDS","marketType":"MATCH_ODDS","marketTime":"2018-10-13T11:56:00.000Z","suspendTime":"2018-10-13T11:56:00.000Z","bspReconciled":false,"complete":true,"inPlay":false,"crossMatching":true,"runnersVoidable":false,"numberOfActiveRunners":2,"betDelay":0,"status":"OPEN","runners":[{"status":"ACTIVE","sortPriority":1,"id":5548385,"name":"Alison Van Uytvanck"},{"status":"ACTIVE","sortPriority":2,"id":5619012,"name":"Camila Giorgi"}],"regulators":["MR_INT"],"countryCode":"AT","discountAllowed":true,"timezone":"UTC","openDate":"2018-10-13T11:56:00.000Z","version":2452554896,"name":"Match Odds","eventName":"Van Uytvanck v Giorgi"},"rc":[{"ltp":2.86,"id":5548385},{"ltp":1.54,"id":5619012}]}]}
{"op":"mcm","clk":"7640798485","pt":1539432027995,"mc":[{"id":"1.149495376","rc":[{"ltp":2.88,"id":5548385},{"ltp":1.53,"id":5619012}]}]}
{"op":"mcm","clk":"7640806112","pt":1539432087862,"mc":[{"id":"1.149495376","rc":[{"ltp":2.94,"id":5548385},{"ltp":1.52,"id":5619012}]}]}
{"op":"mcm","clk":"7640813306","pt":1539432146398,"mc":[{"id":"1.149495376","rc":[{"ltp":2.88,"id":5548385},{"ltp":1.54,"id":5619012}]}]}
{"op":"mcm","clk":"7640821315","pt":1539432208051,"mc":[{"id":"1.149495376","rc":[{"ltp":2.96,"id":5548385},{"ltp":1.51,"id":5619012}]}]}
{"op":"mcm","clk":"7640829432","pt":1539432265444,"mc":[{"id":"1.149495376","rc":[{"ltp":2.94,"id":5548385}]}]}
{"op":"mcm","clk":"7640837432","pt":1539432324571,"mc":[{"id":"1.149495376","rc":[{"ltp":1.52,"id":5619012}]}]}
{"op":"mcm","clk":"7640845512","pt":1539432381791,"mc":[{"id":"1.149495376","rc":[{"ltp":1.53,"id":5619012}]}]}
{"op":"mcm","clk":"7640866232","pt":1539432444891,"mc":[{"id":"1.149495376","rc":[{"ltp":2.86,"id":5548385},{"ltp":1.51,"id":5619012}]}]}
{"op":"mcm","clk":"7640875486","pt":1539432507254,"mc":[{"id":"1.149495376","rc":[{"ltp":2.94,"id":5548385}]}]}
{"op":"mcm","clk":"7640883470","pt":1539432567315,"mc":[{"id":"1.149495376","rc":[{"ltp":2.9,"id":5548385},{"ltp":1.53,"id":5619012}]}]}
{"op":"mcm","clk":"7640892059","pt":1539432627869,"mc":[{"id":"1.149495376","marketDefinition":{"bspMarket":false,"turnInPlayEnabled":true,"persistenceEnabled":true,"marketBaseRate":5.0,"eventId":"28953397","eventTypeId":"2","numberOfWinners":1,"bettingType":"ODDS","marketType":"MATCH_ODDS","marketTime":"2018-10-13T11:56:00.000Z","suspendTime":"2018-10-13T11:56:00.000Z","bspReconciled":false,"complete":true,"inPlay":true,"crossMatching":true,"runnersVoidable":false,"numberOfActiveRunners":2,"betDelay":5,"status":"OPEN","runners":[{"status":"ACTIVE","sortPriority":1,"id":5548385,"name":"Alison Van Uytvanck"},{"status":"ACTIVE","sortPriority":2,"id":5619012,"name":"Camila Giorgi"}],"regulators":["MR_INT"],"countryCode":"AT","discountAllowed":true,"timezone":"UTC","openDate":"2018-10-13T11:56:00.000Z","version":2452587855,"name":"Match Odds","eventName":"Van Uytvanck v Giorgi"},"rc":[{"ltp":3.1,"id":5548385},{"ltp":1.47,"id":5619012}]}]}
{"op":"mcm","clk":"7640900182","pt":1539432687772,"mc":[{"id":"1.149495376","rc":[{"ltp":3.4,"id":5548385},{"ltp":1.41,"id":5619012}]}]}
{"op":"mcm","clk":"7640908648","pt":1539432746351,"mc":[{"id":"1.149495376","rc":[{"ltp":3.3,"id":5548385},{"ltp":1.44,"id":5619012}]}]}
{"op":"mcm","clk":"7640917489","pt":1539432808051,"mc":[{"id":"1.149495376","rc":[{"ltp":1.47,"id":5619012}]}]}
{"op":"mcm","clk":"7640926513","pt":1539432867670,"mc":[{"id":"1.149495376","rc":[{"ltp":3.4,"id":5548385},{"ltp":1.4,"id":5619012}]}]}
{"op":"mcm","clk":"7640934625","pt":1539432926395,"mc":[{"id":"1.149495376","rc":[{"ltp":3.5,"id":5548385}]}]}
{"op":"mcm","clk":"7640942770","pt":1539432988035,"mc":[{"id":"1.149495376","rc":[{"ltp":3.6,"id":5548385},{"ltp":1.34,"id":5619012}]}]}
{"op":"mcm","clk":"7640951083","pt":1539433047727,"mc":[{"id":"1.149495376","rc":[{"ltp":4.0,"id":5548385},{"ltp":1.38,"id":5619012}]}]}
{"op":"mcm","clk":"7640959840","pt":1539433108078,"mc":[{"id":"1.149495376","rc":[{"ltp":5.0,"id":5548385},{"ltp":1.25,"id":5619012}]}]}
{"op":"mcm","clk":"7640968623","pt":1539433168123,"mc":[{"id":"1.149495376","rc":[{"ltp":4.7,"id":5548385},{"ltp":1.31,"id":5619012}]}]}
{"op":"mcm","clk":"7640977046","pt":1539433227473,"mc":[{"id":"1.149495376","rc":[{"ltp":4.5,"id":5548385},{"ltp":1.24,"id":5619012}]}]}
{"op":"mcm","clk":"7640985922","pt":1539433286915,"mc":[{"id":"1.149495376","rc":[{"ltp":5.1,"id":5548385},{"ltp":1.21,"id":5619012}]}]}
{"op":"mcm","clk":"7641005640","pt":1539433348088,"mc":[{"id":"1.149495376","rc":[{"ltp":5.9,"id":5548385}]}]}
{"op":"mcm","clk":"7641013866","pt":1539433408049,"mc":[{"id":"1.149495376","rc":[{"ltp":6.0,"id":5548385},{"ltp":1.19,"id":5619012}]}]}
{"op":"mcm","clk":"7641030381","pt":1539433527582,"mc":[{"id":"1.149495376","rc":[{"ltp":7.0,"id":5548385},{"ltp":1.17,"id":5619012}]}]}
{"op":"mcm","clk":"7641039353","pt":1539433588092,"mc":[{"id":"1.149495376","rc":[{"ltp":6.2,"id":5548385},{"ltp":1.2,"id":5619012}]}]}
{"op":"mcm","clk":"7641047975","pt":1539433647840,"mc":[{"id":"1.149495376","rc":[{"ltp":5.2,"id":5548385},{"ltp":1.24,"id":5619012}]}]}
{"op":"mcm","clk":"7641056246","pt":1539433707454,"mc":[{"id":"1.149495376","rc":[{"ltp":5.0,"id":5548385},{"ltp":1.29,"id":5619012}]}]}
{"op":"mcm","clk":"7641065065","pt":1539433766784,"mc":[{"id":"1.149495376","rc":[{"ltp":4.2,"id":5548385}]}]}
{"op":"mcm","clk":"7641073855","pt":1539433827734,"mc":[{"id":"1.149495376","rc":[{"ltp":4.7,"id":5548385},{"ltp":1.26,"id":5619012}]}]}
{"op":"mcm","clk":"7641082299","pt":1539433887472,"mc":[{"id":"1.149495376","rc":[{"ltp":1.27,"id":5619012}]}]}
{"op":"mcm","clk":"7641090519","pt":1539433947727,"mc":[{"id":"1.149495376","rc":[{"ltp":5.3,"id":5548385}]}]}
{"op":"mcm","clk":"7641099274","pt":1539434007044,"mc":[{"id":"1.149495376","rc":[{"ltp":1.25,"id":5619012}]}]}
{"op":"mcm","clk":"7641108138","pt":1539434067677,"mc":[{"id":"1.149495376","rc":[{"ltp":5.0,"id":5548385}]}]}
{"op":"mcm","clk":"7641126502","pt":1539434186577,"mc":[{"id":"1.149495376","rc":[{"ltp":5.5,"id":5548385},{"ltp":1.22,"id":5619012}]}]}
{"op":"mcm","clk":"7641146633","pt":1539434247005,"mc":[{"id":"1.149495376","rc":[{"ltp":5.6,"id":5548385}]}]}
{"op":"mcm","clk":"7641156306","pt":1539434307941,"mc":[{"id":"1.149495376","rc":[{"ltp":5.1,"id":5548385},{"ltp":1.24,"id":5619012}]}]}
{"op":"mcm","clk":"7641165505","pt":1539434367624,"mc":[{"id":"1.149495376","rc":[{"ltp":4.7,"id":5548385},{"ltp":1.27,"id":5619012}]}]}
{"op":"mcm","clk":"7641174299","pt":1539434425834,"mc":[{"id":"1.149495376","rc":[{"ltp":4.8,"id":5548385},{"ltp":1.25,"id":5619012}]}]}
{"op":"mcm","clk":"7641183612","pt":1539434487660,"mc":[{"id":"1.149495376","rc":[{"ltp":5.0,"id":5548385},{"ltp":1.23,"id":5619012}]}]}
{"op":"mcm","clk":"7641192763","pt":1539434547930,"mc":[{"id":"1.149495376","rc":[{"ltp":4.9,"id":5548385},{"ltp":1.27,"id":5619012}]}]}
{"op":"mcm","clk":"7641201897","pt":1539434607689,"mc":[{"id":"1.149495376","rc":[{"ltp":5.8,"id":5548385},{"ltp":1.21,"id":5619012}]}]}
{"op":"mcm","clk":"7641210864","pt":1539434663907,"mc":[{"id":"1.149495376","rc":[{"ltp":6.2,"id":5548385},{"ltp":1.2,"id":5619012}]}]}
{"op":"mcm","clk":"7641220774","pt":1539434727477,"mc":[{"id":"1.149495376","rc":[{"ltp":1.22,"id":5619012}]}]}
{"op":"mcm","clk":"7641230779","pt":1539434787956,"mc":[{"id":"1.149495376","rc":[{"ltp":5.5,"id":5548385},{"ltp":1.18,"id":5619012}]}]}
{"op":"mcm","clk":"7641240575","pt":1539434847993,"mc":[{"id":"1.149495376","rc":[{"ltp":1.21,"id":5619012}]}]}
{"op":"mcm","clk":"7641249232","pt":1539434907776,"mc":[{"id":"1.149495376","rc":[{"ltp":5.3,"id":5548385},{"ltp":1.24,"id":5619012}]}]}
{"op":"mcm","clk":"7641257689","pt":1539434967390,"mc":[{"id":"1.149495376","rc":[{"ltp":4.1,"id":5548385},{"ltp":1.33,"id":5619012}]}]}
{"op":"mcm","clk":"7641265798","pt":1539435027416,"mc":[{"id":"1.149495376","rc":[{"ltp":4.3,"id":5548385},{"ltp":1.25,"id":5619012}]}]}
{"op":"mcm","clk":"7641273343","pt":1539435087463,"mc":[{"id":"1.149495376","rc":[{"ltp":1.33,"id":5619012}]}]}
{"op":"mcm","clk":"7641292396","pt":1539435147484,"mc":[{"id":"1.149495376","rc":[{"ltp":4.0,"id":5548385}]}]}
{"op":"mcm","clk":"7641300263","pt":1539435207999,"mc":[{"id":"1.149495376","rc":[{"ltp":4.8,"id":5548385},{"ltp":1.21,"id":5619012}]}]}
{"op":"mcm","clk":"7641307849","pt":1539435268071,"mc":[{"id":"1.149495376","rc":[{"ltp":6.4,"id":5548385},{"ltp":1.18,"id":5619012}]}]}
{"op":"mcm","clk":"7641316419","pt":1539435327550,"mc":[{"id":"1.149495376","rc":[{"ltp":6.2,"id":5548385},{"ltp":1.19,"id":5619012}]}]}
{"op":"mcm","clk":"7641324796","pt":1539435387194,"mc":[{"id":"1.149495376","rc":[{"ltp":6.0,"id":5548385}]}]}
{"op":"mcm","clk":"7641341203","pt":1539435508143,"mc":[{"id":"1.149495376","rc":[{"ltp":5.4,"id":5548385},{"ltp":1.23,"id":5619012}]}]}
{"op":"mcm","clk":"7641349137","pt":1539435567549,"mc":[{"id":"1.149495376","rc":[{"ltp":5.5,"id":5548385},{"ltp":1.22,"id":5619012}]}]}
{"op":"mcm","clk":"7641357450","pt":1539435628110,"mc":[{"id":"1.149495376","rc":[{"ltp":5.4,"id":5548385},{"ltp":1.24,"id":5619012}]}]}
{"op":"mcm","clk":"7641366724","pt":1539435687632,"mc":[{"id":"1.149495376","rc":[{"ltp":4.5,"id":5548385},{"ltp":1.29,"id":5619012}]}]}
{"op":"mcm","clk":"7641375948","pt":1539435747331,"mc":[{"id":"1.149495376","rc":[{"ltp":5.5,"id":5548385},{"ltp":1.22,"id":5619012}]}]}
{"op":"mcm","clk":"7641384774","pt":1539435808098,"mc":[{"id":"1.149495376","rc":[{"ltp":6.4,"id":5548385},{"ltp":1.2,"id":5619012}]}]}
{"op":"mcm","clk":"7641393380","pt":1539435866966,"mc":[{"id":"1.149495376","rc":[{"ltp":6.6,"id":5548385},{"ltp":1.18,"id":5619012}]}]}
{"op":"mcm","clk":"7641403304","pt":1539435926697,"mc":[{"id":"1.149495376","rc":[{"ltp":6.0,"id":5548385},{"ltp":1.21,"id":5619012}]}]}
{"op":"mcm","clk":"7641433650","pt":1539436047978,"mc":[{"id":"1.149495376","rc":[{"ltp":5.0,"id":5548385},{"ltp":1.24,"id":5619012}]}]}
{"op":"mcm","clk":"7641443047","pt":1539436108059,"mc":[{"id":"1.149495376","rc":[{"ltp":5.3,"id":5548385},{"ltp":1.23,"id":5619012}]}]}
{"op":"mcm","clk":"7641452803","pt":1539436168139,"mc":[{"id":"1.149495376","rc":[{"ltp":5.0,"id":5548385},{"ltp":1.25,"id":5619012}]}]}
{"op":"mcm","clk":"7641462765","pt":1539436227757,"mc":[{"id":"1.149495376","rc":[{"ltp":4.7,"id":5548385},{"ltp":1.27,"id":5619012}]}]}
{"op":"mcm","clk":"7641471734","pt":1539436287962,"mc":[{"id":"1.149495376","rc":[{"ltp":3.95,"id":5548385},{"ltp":1.28,"id":5619012}]}]}
{"op":"mcm","clk":"7641481800","pt":1539436347787,"mc":[{"id":"1.149495376","rc":[{"ltp":5.6,"id":5548385},{"ltp":1.22,"id":5619012}]}]}
{"op":"mcm","clk":"7641492281","pt":1539436407459,"mc":[{"id":"1.149495376","rc":[{"ltp":4.1,"id":5548385},{"ltp":1.35,"id":5619012}]}]}
{"op":"mcm","clk":"7641503284","pt":1539436468049,"mc":[{"id":"1.149495376","rc":[{"ltp":4.4,"id":5548385},{"ltp":1.28,"id":5619012}]}]}
{"op":"mcm","clk":"7641513923","pt":1539436527686,"mc":[{"id":"1.149495376","rc":[{"ltp":5.7,"id":5548385},{"ltp":1.2,"id":5619012}]}]}
{"op":"mcm","clk":"7641524407","pt":1539436586689,"mc":[{"id":"1.149495376","rc":[{"ltp":5.2,"id":5548385}]}]}
{"op":"mcm","clk":"7641535217","pt":1539436648105,"mc":[{"id":"1.149495376","rc":[{"ltp":6.2,"id":5548385},{"ltp":1.19,"id":5619012}]}]}
{"op":"mcm","clk":"7641545487","pt":1539436707332,"mc":[{"id":"1.149495376","rc":[{"ltp":5.3,"id":5548385},{"ltp":1.23,"id":5619012}]}]}
{"op":"mcm","clk":"7641555842","pt":1539436767952,"mc":[{"id":"1.149495376","rc":[{"ltp":6.6,"id":5548385},{"ltp":1.18,"id":5619012}]}]}
{"op":"mcm","clk":"7641566308","pt":1539436828133,"mc":[{"id":"1.149495376","rc":[{"ltp":6.4,"id":5548385},{"ltp":1.19,"id":5619012}]}]}
{"op":"mcm","clk":"7641576264","pt":1539436888112,"mc":[{"id":"1.149495376","rc":[{"ltp":4.7,"id":5548385},{"ltp":1.27,"id":5619012}]}]}
{"op":"mcm","clk":"7641597004","pt":1539436946129,"mc":[{"id":"1.149495376","rc":[{"ltp":4.6,"id":5548385},{"ltp":1.28,"id":5619012}]}]}
{"op":"mcm","clk":"7641606370","pt":1539437007552,"mc":[{"id":"1.149495376","rc":[{"ltp":1.27,"id":5619012}]}]}
{"op":"mcm","clk":"7641615828","pt":1539437068037,"mc":[{"id":"1.149495376","rc":[{"ltp":5.8,"id":5548385},{"ltp":1.2,"id":5619012}]}]}
{"op":"mcm","clk":"7641625919","pt":1539437127058,"mc":[{"id":"1.149495376","rc":[{"ltp":5.5,"id":5548385},{"ltp":1.24,"id":5619012}]}]}
{"op":"mcm","clk":"7641635160","pt":1539437188093,"mc":[{"id":"1.149495376","rc":[{"ltp":5.7,"id":5548385},{"ltp":1.2,"id":5619012}]}]}
{"op":"mcm","clk":"7641643816","pt":1539437248091,"mc":[{"id":"1.149495376","rc":[{"ltp":5.0,"id":5548385},{"ltp":1.25,"id":5619012}]}]}
{"op":"mcm","clk":"7641652295","pt":1539437308134,"mc":[{"id":"1.149495376","rc":[{"ltp":4.1,"id":5548385},{"ltp":1.32,"id":5619012}]}]}
{"op":"mcm","clk":"7641672380","pt":1539437427942,"mc":[{"id":"1.149495376","rc":[{"ltp":3.5,"id":5548385},{"ltp":1.39,"id":5619012}]}]}
{"op":"mcm","clk":"7641682849","pt":1539437487168,"mc":[{"id":"1.149495376","rc":[{"ltp":4.4,"id":5548385},{"ltp":1.3,"id":5619012}]}]}
{"op":"mcm","clk":"7641693626","pt":1539437548088,"mc":[{"id":"1.149495376","rc":[{"ltp":4.9,"id":5548385},{"ltp":1.26,"id":5619012}]}]}
{"op":"mcm","clk":"7641703873","pt":1539437608101,"mc":[{"id":"1.149495376","rc":[{"ltp":5.1,"id":5548385},{"ltp":1.24,"id":5619012}]}]}
{"op":"mcm","clk":"7641713525","pt":1539437668133,"mc":[{"id":"1.149495376","rc":[{"ltp":8.8,"id":5548385},{"ltp":1.13,"id":5619012}]}]}
{"op":"mcm","clk":"7641722943","pt":1539437728011,"mc":[{"id":"1.149495376","rc":[{"ltp":8.6,"id":5548385}]}]}
{"op":"mcm","clk":"7641733277","pt":1539437788059,"mc":[{"id":"1.149495376","rc":[{"ltp":5.7,"id":5548385},{"ltp":1.21,"id":5619012}]}]}
{"op":"mcm","clk":"7641754493","pt":1539437848045,"mc":[{"id":"1.149495376","rc":[{"ltp":5.6,"id":5548385}]}]}
{"op":"mcm","clk":"7641764840","pt":1539437907992,"mc":[{"id":"1.149495376","rc":[{"ltp":5.7,"id":5548385}]}]}
{"op":"mcm","clk":"7641775021","pt":1539437968145,"mc":[{"id":"1.149495376","rc":[{"ltp":20.0,"id":5548385},{"ltp":1.05,"id":5619012}]}]}
{"op":"mcm","clk":"7641785282","pt":1539438028061,"mc":[{"id":"1.149495376","rc":[{"ltp":19.0,"id":5548385},{"ltp":1.06,"id":5619012}]}]}
{"op":"mcm","clk":"7641794583","pt":1539438088025,"mc":[{"id":"1.149495376","rc":[{"ltp":17.5,"id":5548385}]}]}
{"op":"mcm","clk":"7641803194","pt":1539438147234,"mc":[{"id":"1.149495376","rc":[{"ltp":34.0,"id":5548385},{"ltp":1.04,"id":5619012}]}]}
{"op":"mcm","clk":"7641812184","pt":1539438208146,"mc":[{"id":"1.149495376","rc":[{"ltp":18.0,"id":5548385},{"ltp":1.07,"id":5619012}]}]}
{"op":"mcm","clk":"7641821756","pt":1539438267972,"mc":[{"id":"1.149495376","rc":[{"ltp":16.5,"id":5548385}]}]}
{"op":"mcm","clk":"7641830654","pt":1539438327942,"mc":[{"id":"1.149495376","rc":[{"ltp":15.0,"id":5548385}]}]}
{"op":"mcm","clk":"7641849636","pt":1539438447302,"mc":[{"id":"1.149495376","rc":[{"ltp":34.0,"id":5548385},{"ltp":1.03,"id":5619012}]}]}
{"op":"mcm","clk":"7641859515","pt":1539438508112,"mc":[{"id":"1.149495376","rc":[{"ltp":36.0,"id":5548385},{"ltp":1.04,"id":5619012}]}]}
{"op":"mcm","clk":"7641869031","pt":1539438568107,"mc":[{"id":"1.149495376","rc":[{"ltp":15.5,"id":5548385}]}]}
{"op":"mcm","clk":"7641878048","pt":1539438628018,"mc":[{"id":"1.149495376","rc":[{"ltp":13.5,"id":5548385},{"ltp":1.07,"id":5619012}]}]}
{"op":"mcm","clk":"7641886559","pt":1539438687889,"mc":[{"id":"1.149495376","rc":[{"ltp":29.0,"id":5548385},{"ltp":1.04,"id":5619012}]}]}
{"op":"mcm","clk":"7641906506","pt":1539438748081,"mc":[{"id":"1.149495376","rc":[{"ltp":28.0,"id":5548385}]}]}
{"op":"mcm","clk":"7641915243","pt":1539438807516,"mc":[{"id":"1.149495376","rc":[{"ltp":12.0,"id":5548385}]}]}
{"op":"mcm","clk":"7641922989","pt":1539438860784,"mc":[{"id":"1.149495376","marketDefinition":{"bspMarket":false,"turnInPlayEnabled":true,"persistenceEnabled":true,"marketBaseRate":5.0,"eventId":"28953397","eventTypeId":"2","numberOfWinners":1,"bettingType":"ODDS","marketType":"MATCH_ODDS","marketTime":"2018-10-13T11:56:00.000Z","suspendTime":"2018-10-13T11:56:00.000Z","bspReconciled":false,"complete":true,"inPlay":true,"crossMatching":true,"runnersVoidable":false,"numberOfActiveRunners":2,"betDelay":5,"status":"SUSPENDED","runners":[{"status":"ACTIVE","sortPriority":1,"id":5548385,"name":"Alison Van Uytvanck"},{"status":"ACTIVE","sortPriority":2,"id":5619012,"name":"Camila Giorgi"}],"regulators":["MR_INT"],"countryCode":"AT","discountAllowed":true,"timezone":"UTC","openDate":"2018-10-13T11:56:00.000Z","version":2452819738,"name":"Match Odds","eventName":"Van Uytvanck v Giorgi"},"rc":[{"ltp":26.0,"id":5548385}]}]}
{"op":"mcm","clk":"7641931583","pt":1539438917827,"mc":[{"id":"1.149495376","marketDefinition":{"bspMarket":false,"turnInPlayEnabled":true,"persistenceEnabled":true,"marketBaseRate":5.0,"eventId":"28953397","eventTypeId":"2","numberOfWinners":1,"bettingType":"ODDS","marketType":"MATCH_ODDS","marketTime":"2018-10-13T11:56:00.000Z","suspendTime":"2018-10-13T11:56:00.000Z","bspReconciled":false,"complete":true,"inPlay":true,"crossMatching":false,"runnersVoidable":false,"numberOfActiveRunners":0,"betDelay":5,"status":"CLOSED","settledTime":"2018-10-13T13:54:55.000Z","runners":[{"status":"LOSER","sortPriority":1,"id":5548385,"name":"Alison Van Uytvanck"},{"status":"WINNER","sortPriority":2,"id":5619012,"name":"Camila Giorgi"}],"regulators":["MR_INT"],"countryCode":"AT","discountAllowed":true,"timezone":"UTC","openDate":"2018-10-13T11:56:00.000Z","version":2452822413,"name":"Match Odds","eventName":"Van Uytvanck v Giorgi"}}]}
