{"op":"mcm","clk":"7695755460","pt":1539437127682,"mc":[{"id":"1.149541450","marketDefinition":{"bspMarket":false,"turnInPlayEnabled":true,"persistenceEnabled":true,"marketBaseRate":5.0,"eventId":"28955312","eventTypeId":"2","numberOfWinners":1,"bettingType":"ODDS","marketType":"MATCH_ODDS","marketTime":"2018-10-14T08:30:00.000Z","suspendTime":"2018-10-14T08:30:00.000Z","bspReconciled":false,"complete":true,"inPlay":false,"crossMatching":true,"runnersVoidable":false,"numberOfActiveRunners":2,"betDelay":0,"status":"OPEN","runners":[{"status":"ACTIVE","sortPriority":1,"id":7446579,"name":"Borna Coric"},{"status":"ACTIVE","sortPriority":2,"id":2249229,"name":"Novak Djokovic"}],"regulators":["MR_INT"],"countryCode":"CN","discountAllowed":true,"timezone":"UTC","openDate":"2018-10-14T08:30:00.000Z","version":2452748605,"name":"Match Odds","eventName":"Coric v Djokovic"}}]}
{"op":"mcm","clk":"7695790956","pt":1539437245756,"mc":[{"id":"1.149541450","rc":[{"ltp":1.12,"id":2249229}]}]}
{"op":"mcm","clk":"7696043402","pt":1539438427083,"mc":[{"id":"1.149541450","rc":[{"ltp":1.2,"id":2249229},{"ltp":5.8,"id":7446579}]}]}
{"op":"mcm","clk":"7696056342","pt":1539438498341,"mc":[{"id":"1.149541450","rc":[{"ltp":1.21,"id":2249229},{"ltp":5.7,"id":7446579}]}]}
{"op":"mcm","clk":"7696069317","pt":1539438566756,"mc":[{"id":"1.149541450","rc":[{"ltp":1.16,"id":2249229},{"ltp":7.2,"id":7446579}]}]}
{"op":"mcm","clk":"7696109515","pt":1539438775510,"mc":[{"id":"1.149541450","rc":[{"ltp":1.2,"id":2249229},{"ltp":6.0,"id":7446579}]}]}
{"op":"mcm","clk":"7696151277","pt":1539438985208,"mc":[{"id":"1.149541450","rc":[{"ltp":1.16,"id":2249229}]}]}
{"op":"mcm","clk":"7696185905","pt":1539439104344,"mc":[{"id":"1.149541450","rc":[{"ltp":1.19,"id":2249229},{"ltp":6.2,"id":7446579}]}]}
{"op":"mcm","clk":"7696197721","pt":1539439164746,"mc":[{"id":"1.149541450","rc":[{"ltp":1.18,"id":2249229}]}]}
{"op":"mcm","clk":"7696242911","pt":1539439404944,"mc":[{"id":"1.149541450","rc":[{"ltp":1.19,"id":2249229}]}]}
{"op":"mcm","clk":"7696355033","pt":1539439889572,"mc":[{"id":"1.149541450","rc":[{"ltp":1.21,"id":2249229},{"ltp":5.8,"id":7446579}]}]}
{"op":"mcm","clk":"7696379762","pt":1539439942994,"mc":[{"id":"1.149541450","rc":[{"ltp":1.22,"id":2249229}]}]}
{"op":"mcm","clk":"7696395043","pt":1539439999731,"mc":[{"id":"1.149541450","rc":[{"ltp":1.19,"id":2249229}]}]}
{"op":"mcm","clk":"7696450828","pt":1539440208526,"mc":[{"id":"1.149541450","rc":[{"ltp":1.18,"id":2249229},{"ltp":6.6,"id":7446579}]}]}
{"op":"mcm","clk":"7696520479","pt":1539440479309,"mc":[{"id":"1.149541450","rc":[{"ltp":1.19,"id":2249229}]}]}
{"op":"mcm","clk":"7696573391","pt":1539440698233,"mc":[{"id":"1.149541450","rc":[{"ltp":1.18,"id":2249229}]}]}
{"op":"mcm","clk":"7696630115","pt":1539440899495,"mc":[{"id":"1.149541450","rc":[{"ltp":1.19,"id":2249229},{"ltp":6.2,"id":7446579}]}]}
{"op":"mcm","clk":"7696728323","pt":1539441311519,"mc":[{"id":"1.149541450","rc":[{"ltp":1.18,"id":2249229}]}]}
{"op":"mcm","clk":"7696763443","pt":1539441449604,"mc":[{"id":"1.149541450","rc":[{"ltp":1.2,"id":2249229}]}]}
{"op":"mcm","clk":"7696847773","pt":1539441787149,"mc":[{"id":"1.149541450","rc":[{"ltp":1.18,"id":2249229}]}]}
{"op":"mcm","clk":"7697062805","pt":1539442938801,"mc":[{"id":"1.149541450","rc":[{"ltp":1.2,"id":2249229}]}]}
{"op":"mcm","clk":"7697230078","pt":1539443662953,"mc":[{"id":"1.149541450","rc":[{"ltp":1.19,"id":2249229}]}]}
{"op":"mcm","clk":"7697309103","pt":1539443994038,"mc":[{"id":"1.149541450","rc":[{"ltp":1.18,"id":2249229}]}]}
{"op":"mcm","clk":"7697448682","pt":1539444559484,"mc":[{"id":"1.149541450","rc":[{"ltp":1.19,"id":2249229}]}]}
{"op":"mcm","clk":"7697480959","pt":1539444699089,"mc":[{"id":"1.149541450","rc":[{"ltp":6.4,"id":7446579}]}]}
{"op":"mcm","clk":"7697714427","pt":1539445691172,"mc":[{"id":"1.149541450","rc":[{"ltp":1.18,"id":2249229}]}]}
{"op":"mcm","clk":"7697838779","pt":1539446375944,"mc":[{"id":"1.149541450","rc":[{"ltp":1.19,"id":2249229}]}]}
{"op":"mcm","clk":"7698009396","pt":1539447304488,"mc":[{"id":"1.149541450","rc":[{"ltp":1.18,"id":2249229}]}]}
{"op":"mcm","clk":"7698018768","pt":1539447361557,"mc":[{"id":"1.149541450","rc":[{"ltp":1.19,"id":2249229}]}]}
{"op":"mcm","clk":"7698055773","pt":1539447586261,"mc":[{"id":"1.149541450","rc":[{"ltp":1.18,"id":2249229}]}]}
{"op":"mcm","clk":"7698150189","pt":1539448107589,"mc":[{"id":"1.149541450","rc":[{"ltp":1.17,"id":2249229}]}]}
{"op":"mcm","clk":"7698162706","pt":1539448182421,"mc":[{"id":"1.149541450","rc":[{"ltp":1.18,"id":2249229}]}]}
{"op":"mcm","clk":"7698197186","pt":1539448398648,"mc":[{"id":"1.149541450","rc":[{"ltp":1.17,"id":2249229}]}]}
{"op":"mcm","clk":"7698245775","pt":1539448679253,"mc":[{"id":"1.149541450","rc":[{"ltp":1.18,"id":2249229}]}]}
{"op":"mcm","clk":"7698328045","pt":1539449111656,"mc":[{"id":"1.149541450","rc":[{"ltp":1.17,"id":2249229}]}]}
{"op":"mcm","clk":"7698541326","pt":1539450674881,"mc":[{"id":"1.149541450","rc":[{"ltp":1.18,"id":2249229}]}]}
{"op":"mcm","clk":"7698566586","pt":1539450807473,"mc":[{"id":"1.149541450","rc":[{"ltp":1.17,"id":2249229},{"ltp":7.0,"id":7446579}]}]}
{"op":"mcm","clk":"7698646104","pt":1539451385916,"mc":[{"id":"1.149541450","rc":[{"ltp":1.16,"id":2249229}]}]}
{"op":"mcm","clk":"7698788599","pt":1539452366614,"mc":[{"id":"1.149541450","rc":[{"ltp":1.17,"id":2249229}]}]}
{"op":"mcm","clk":"7698808963","pt":1539452509672,"mc":[{"id":"1.149541450","rc":[{"ltp":1.16,"id":2249229}]}]}
{"op":"mcm","clk":"7698845835","pt":1539452705965,"mc":[{"id":"1.149541450","rc":[{"ltp":1.17,"id":2249229}]}]}
{"op":"mcm","clk":"7698870383","pt":1539452888937,"mc":[{"id":"1.149541450","rc":[{"ltp":1.16,"id":2249229}]}]}
{"op":"mcm","clk":"7699008916","pt":1539453905667,"mc":[{"id":"1.149541450","rc":[{"ltp":1.17,"id":2249229}]}]}
{"op":"mcm","clk":"7699017260","pt":1539453973356,"mc":[{"id":"1.149541450","rc":[{"ltp":1.16,"id":2249229}]}]}
{"op":"mcm","clk":"7699093368","pt":1539454467605,"mc":[{"id":"1.149541450","rc":[{"ltp":7.2,"id":7446579}]}]}
{"op":"mcm","clk":"7699135695","pt":1539454769633,"mc":[{"id":"1.149541450","rc":[{"ltp":1.15,"id":2249229}]}]}
{"op":"mcm","clk":"7699298181","pt":1539455825993,"mc":[{"id":"1.149541450","rc":[{"ltp":1.16,"id":2249229}]}]}
{"op":"mcm","clk":"7699342366","pt":1539456101440,"mc":[{"id":"1.149541450","rc":[{"ltp":7.6,"id":7446579}]}]}
{"op":"mcm","clk":"7699396763","pt":1539456377666,"mc":[{"id":"1.149541450","rc":[{"ltp":7.2,"id":7446579}]}]}
{"op":"mcm","clk":"7699406024","pt":1539456435705,"mc":[{"id":"1.149541450","rc":[{"ltp":7.4,"id":7446579}]}]}
{"op":"mcm","clk":"7699474849","pt":1539456906614,"mc":[{"id":"1.149541450","rc":[{"ltp":1.15,"id":2249229}]}]}
{"op":"mcm","clk":"7699484239","pt":1539456983099,"mc":[{"id":"1.149541450","rc":[{"ltp":1.16,"id":2249229}]}]}
{"op":"mcm","clk":"7699538953","pt":1539457310462,"mc":[{"id":"1.149541450","rc":[{"ltp":1.15,"id":2249229}]}]}
{"op":"mcm","clk":"7699580255","pt":1539457586893,"mc":[{"id":"1.149541450","rc":[{"ltp":1.16,"id":2249229}]}]}
{"op":"mcm","clk":"7699628706","pt":1539457911965,"mc":[{"id":"1.149541450","rc":[{"ltp":7.2,"id":7446579}]}]}
{"op":"mcm","clk":"7699670763","pt":1539458141945,"mc":[{"id":"1.149541450","rc":[{"ltp":1.15,"id":2249229}]}]}
{"op":"mcm","clk":"7699710758","pt":1539458425720,"mc":[{"id":"1.149541450","rc":[{"ltp":1.16,"id":2249229}]}]}
{"op":"mcm","clk":"7699722030","pt":1539458512321,"mc":[{"id":"1.149541450","rc":[{"ltp":7.6,"id":7446579}]}]}
{"op":"mcm","clk":"7699742248","pt":1539458684224,"mc":[{"id":"1.149541450","rc":[{"ltp":7.4,"id":7446579}]}]}
{"op":"mcm","clk":"7699777396","pt":1539458905707,"mc":[{"id":"1.149541450","rc":[{"ltp":1.15,"id":2249229}]}]}
{"op":"mcm","clk":"7699790513","pt":1539459024569,"mc":[{"id":"1.149541450","rc":[{"ltp":1.16,"id":2249229}]}]}
{"op":"mcm","clk":"7699797814","pt":1539459088631,"mc":[{"id":"1.149541450","rc":[{"ltp":7.2,"id":7446579}]}]}
{"op":"mcm","clk":"7699867153","pt":1539459619515,"mc":[{"id":"1.149541450","rc":[{"ltp":1.15,"id":2249229}]}]}
{"op":"mcm","clk":"7699874035","pt":1539459666510,"mc":[{"id":"1.149541450","rc":[{"ltp":1.16,"id":2249229}]}]}
{"op":"mcm","clk":"7699909955","pt":1539459848614,"mc":[{"id":"1.149541450","rc":[{"ltp":1.15,"id":2249229}]}]}
{"op":"mcm","clk":"7699924091","pt":1539459958138,"mc":[{"id":"1.149541450","rc":[{"ltp":1.16,"id":2249229}]}]}
{"op":"mcm","clk":"7699972080","pt":1539460342885,"mc":[{"id":"1.149541450","rc":[{"ltp":7.4,"id":7446579}]}]}
{"op":"mcm","clk":"7700180406","pt":1539462265958,"mc":[{"id":"1.149541450","rc":[{"ltp":7.6,"id":7446579}]}]}
{"op":"mcm","clk":"7700187057","pt":1539462380524,"mc":[{"id":"1.149541450","rc":[{"ltp":1.15,"id":2249229},{"ltp":7.4,"id":7446579}]}]}
{"op":"mcm","clk":"7700202410","pt":1539462492894,"mc":[{"id":"1.149541450","rc":[{"ltp":7.6,"id":7446579}]}]}
{"op":"mcm","clk":"7700206294","pt":1539462568151,"mc":[{"id":"1.149541450","rc":[{"ltp":1.16,"id":2249229},{"ltp":7.4,"id":7446579}]}]}
{"op":"mcm","clk":"7700207711","pt":1539462595495,"mc":[{"id":"1.149541450","rc":[{"ltp":1.15,"id":2249229}]}]}
{"op":"mcm","clk":"7700211805","pt":1539462666341,"mc":[{"id":"1.149541450","rc":[{"ltp":1.16,"id":2249229}]}]}
{"op":"mcm","clk":"7700216554","pt":1539462749142,"mc":[{"id":"1.149541450","rc":[{"ltp":7.6,"id":7446579}]}]}
{"op":"mcm","clk":"7700228013","pt":1539462964475,"mc":[{"id":"1.149541450","rc":[{"ltp":1.15,"id":2249229}]}]}
{"op":"mcm","clk":"7700235748","pt":1539463108764,"mc":[{"id":"1.149541450","rc":[{"ltp":1.16,"id":2249229}]}]}
{"op":"mcm","clk":"7700238040","pt":1539463150289,"mc":[{"id":"1.149541450","rc":[{"ltp":7.4,"id":7446579}]}]}
{"op":"mcm","clk":"7700264563","pt":1539463420966,"mc":[{"id":"1.149541450","rc":[{"ltp":7.6,"id":7446579}]}]}
{"op":"mcm","clk":"7700298522","pt":1539463935852,"mc":[{"id":"1.149541450","rc":[{"ltp":1.15,"id":2249229}]}]}
{"op":"mcm","clk":"7700308934","pt":1539464105797,"mc":[{"id":"1.149541450","rc":[{"ltp":1.16,"id":2249229}]}]}
{"op":"mcm","clk":"7700335147","pt":1539464418125,"mc":[{"id":"1.149541450","rc":[{"ltp":1.15,"id":2249229}]}]}
{"op":"mcm","clk":"7700338228","pt":1539464465704,"mc":[{"id":"1.149541450","rc":[{"ltp":1.16,"id":2249229}]}]}
{"op":"mcm","clk":"7700373165","pt":1539465008484,"mc":[{"id":"1.149541450","rc":[{"ltp":1.15,"id":2249229}]}]}
{"op":"mcm","clk":"7700392193","pt":1539465144883,"mc":[{"id":"1.149541450","rc":[{"ltp":1.16,"id":2249229},{"ltp":7.4,"id":7446579}]}]}
{"op":"mcm","clk":"7700404415","pt":1539465324150,"mc":[{"id":"1.149541450","rc":[{"ltp":1.15,"id":2249229}]}]}
{"op":"mcm","clk":"7700408335","pt":1539465378975,"mc":[{"id":"1.149541450","rc":[{"ltp":1.16,"id":2249229}]}]}
{"op":"mcm","clk":"7700420443","pt":1539465552922,"mc":[{"id":"1.149541450","rc":[{"ltp":7.6,"id":7446579}]}]}
{"op":"mcm","clk":"7700427323","pt":1539465666347,"mc":[{"id":"1.149541450","rc":[{"ltp":1.15,"id":2249229}]}]}
{"op":"mcm","clk":"7700434969","pt":1539465801163,"mc":[{"id":"1.149541450","rc":[{"ltp":1.16,"id":2249229}]}]}
{"op":"mcm","clk":"7700470845","pt":1539466247791,"mc":[{"id":"1.149541450","rc":[{"ltp":1.15,"id":2249229}]}]}
{"op":"mcm","clk":"7700480927","pt":1539466431009,"mc":[{"id":"1.149541450","rc":[{"ltp":1.16,"id":2249229}]}]}
{"op":"mcm","clk":"7700495179","pt":1539466656399,"mc":[{"id":"1.149541450","rc":[{"ltp":7.4,"id":7446579}]}]}
{"op":"mcm","clk":"7700506354","pt":1539466852942,"mc":[{"id":"1.149541450","rc":[{"ltp":1.15,"id":2249229}]}]}
{"op":"mcm","clk":"7700509377","pt":1539466907808,"mc":[{"id":"1.149541450","rc":[{"ltp":7.6,"id":7446579}]}]}
{"op":"mcm","clk":"7700553020","pt":1539467545855,"mc":[{"id":"1.149541450","rc":[{"ltp":1.16,"id":2249229}]}]}
{"op":"mcm","clk":"7700564716","pt":1539467783731,"mc":[{"id":"1.149541450","rc":[{"ltp":7.4,"id":7446579}]}]}
{"op":"mcm","clk":"7700579359","pt":1539467894794,"mc":[{"id":"1.149541450","rc":[{"ltp":1.15,"id":2249229}]}]}
{"op":"mcm","clk":"7700582700","pt":1539467959048,"mc":[{"id":"1.149541450","rc":[{"ltp":1.16,"id":2249229}]}]}
{"op":"mcm","clk":"7700593426","pt":1539468150026,"mc":[{"id":"1.149541450","rc":[{"ltp":1.15,"id":2249229}]}]}
{"op":"mcm","clk":"7700617393","pt":1539468557020,"mc":[{"id":"1.149541450","rc":[{"ltp":7.6,"id":7446579}]}]}
{"op":"mcm","clk":"7700715953","pt":1539469938403,"mc":[{"id":"1.149541450","rc":[{"ltp":7.8,"id":7446579}]}]}
{"op":"mcm","clk":"7700726716","pt":1539470128302,"mc":[{"id":"1.149541450","rc":[{"ltp":1.14,"id":2249229}]}]}
{"op":"mcm","clk":"7700728557","pt":1539470162301,"mc":[{"id":"1.149541450","rc":[{"ltp":7.6,"id":7446579}]}]}
{"op":"mcm","clk":"7700731854","pt":1539470218819,"mc":[{"id":"1.149541450","rc":[{"ltp":1.15,"id":2249229}]}]}
{"op":"mcm","clk":"7700742244","pt":1539470398355,"mc":[{"id":"1.149541450","rc":[{"ltp":1.14,"id":2249229}]}]}
{"op":"mcm","clk":"7700763529","pt":1539470606325,"mc":[{"id":"1.149541450","rc":[{"ltp":1.15,"id":2249229}]}]}
{"op":"mcm","clk":"7700769529","pt":1539470699191,"mc":[{"id":"1.149541450","rc":[{"ltp":1.14,"id":2249229}]}]}
{"op":"mcm","clk":"7700810424","pt":1539471389463,"mc":[{"id":"1.149541450","rc":[{"ltp":1.15,"id":2249229}]}]}
{"op":"mcm","clk":"7700825123","pt":1539471495467,"mc":[{"id":"1.149541450","rc":[{"ltp":1.14,"id":2249229}]}]}
{"op":"mcm","clk":"7700834763","pt":1539471675933,"mc":[{"id":"1.149541450","rc":[{"ltp":1.15,"id":2249229}]}]}
{"op":"mcm","clk":"7700923869","pt":1539472893952,"mc":[{"id":"1.149541450","rc":[{"ltp":7.8,"id":7446579}]}]}
{"op":"mcm","clk":"7700960403","pt":1539473317408,"mc":[{"id":"1.149541450","rc":[{"ltp":1.14,"id":2249229}]}]}
{"op":"mcm","clk":"7700984227","pt":1539473703373,"mc":[{"id":"1.149541450","rc":[{"ltp":7.6,"id":7446579}]}]}
{"op":"mcm","clk":"7701006297","pt":1539474043166,"mc":[{"id":"1.149541450","rc":[{"ltp":1.15,"id":2249229}]}]}
{"op":"mcm","clk":"7701044886","pt":1539474497275,"mc":[{"id":"1.149541450","rc":[{"ltp":7.8,"id":7446579}]}]}
{"op":"mcm","clk":"7701064831","pt":1539474842455,"mc":[{"id":"1.149541450","rc":[{"ltp":1.14,"id":2249229}]}]}
{"op":"mcm","clk":"7701070209","pt":1539474939077,"mc":[{"id":"1.149541450","rc":[{"ltp":1.15,"id":2249229}]}]}
{"op":"mcm","clk":"7701139750","pt":1539475755241,"mc":[{"id":"1.149541450","rc":[{"ltp":7.6,"id":7446579}]}]}
{"op":"mcm","clk":"7701206731","pt":1539476425449,"mc":[{"id":"1.149541450","rc":[{"ltp":1.14,"id":2249229}]}]}
{"op":"mcm","clk":"7701233273","pt":1539476746760,"mc":[{"id":"1.149541450","rc":[{"ltp":1.15,"id":2249229}]}]}
{"op":"mcm","clk":"7701267908","pt":1539477036334,"mc":[{"id":"1.149541450","rc":[{"ltp":1.14,"id":2249229}]}]}
{"op":"mcm","clk":"7701307338","pt":1539477468989,"mc":[{"id":"1.149541450","rc":[{"ltp":1.15,"id":2249229}]}]}
{"op":"mcm","clk":"7701344946","pt":1539477798627,"mc":[{"id":"1.149541450","rc":[{"ltp":7.8,"id":7446579}]}]}
{"op":"mcm","clk":"7701353060","pt":1539477893198,"mc":[{"id":"1.149541450","rc":[{"ltp":1.14,"id":2249229}]}]}
{"op":"mcm","clk":"7701375711","pt":1539478169700,"mc":[{"id":"1.149541450","rc":[{"ltp":1.15,"id":2249229},{"ltp":7.6,"id":7446579}]}]}
{"op":"mcm","clk":"7701391391","pt":1539478347085,"mc":[{"id":"1.149541450","rc":[{"ltp":7.8,"id":7446579}]}]}
{"op":"mcm","clk":"7701434383","pt":1539478755333,"mc":[{"id":"1.149541450","rc":[{"ltp":7.6,"id":7446579}]}]}
{"op":"mcm","clk":"7701456092","pt":1539479005292,"mc":[{"id":"1.149541450","rc":[{"ltp":8.0,"id":7446579}]}]}
{"op":"mcm","clk":"7701462334","pt":1539479069673,"mc":[{"id":"1.149541450","rc":[{"ltp":7.8,"id":7446579}]}]}
{"op":"mcm","clk":"7701517609","pt":1539479655709,"mc":[{"id":"1.149541450","rc":[{"ltp":1.14,"id":2249229}]}]}
{"op":"mcm","clk":"7701546032","pt":1539480018660,"mc":[{"id":"1.149541450","rc":[{"ltp":1.15,"id":2249229}]}]}
{"op":"mcm","clk":"7701678310","pt":1539481631134,"mc":[{"id":"1.149541450","rc":[{"ltp":8.0,"id":7446579}]}]}
{"op":"mcm","clk":"7701682738","pt":1539481704667,"mc":[{"id":"1.149541450","rc":[{"ltp":7.6,"id":7446579}]}]}
{"op":"mcm","clk":"7701689106","pt":1539481803636,"mc":[{"id":"1.149541450","rc":[{"ltp":7.8,"id":7446579}]}]}
{"op":"mcm","clk":"7701785903","pt":1539483050719,"mc":[{"id":"1.149541450","rc":[{"ltp":1.14,"id":2249229}]}]}
{"op":"mcm","clk":"7701816061","pt":1539483329197,"mc":[{"id":"1.149541450","rc":[{"ltp":1.15,"id":2249229}]}]}
{"op":"mcm","clk":"7701836663","pt":1539483586573,"mc":[{"id":"1.149541450","rc":[{"ltp":1.14,"id":2249229}]}]}
{"op":"mcm","clk":"7701844333","pt":1539483682580,"mc":[{"id":"1.149541450","rc":[{"ltp":8.0,"id":7446579}]}]}
{"op":"mcm","clk":"7701848362","pt":1539483734685,"mc":[{"id":"1.149541450","rc":[{"ltp":1.15,"id":2249229}]}]}
{"op":"mcm","clk":"7701889947","pt":1539484224909,"mc":[{"id":"1.149541450","rc":[{"ltp":7.8,"id":7446579}]}]}
{"op":"mcm","clk":"7701938033","pt":1539484887067,"mc":[{"id":"1.149541450","rc":[{"ltp":1.14,"id":2249229}]}]}
{"op":"mcm","clk":"7701951421","pt":1539484949360,"mc":[{"id":"1.149541450","rc":[{"ltp":1.15,"id":2249229}]}]}
{"op":"mcm","clk":"7701965415","pt":1539485175741,"mc":[{"id":"1.149541450","rc":[{"ltp":1.14,"id":2249229}]}]}
{"op":"mcm","clk":"7701971618","pt":1539485277539,"mc":[{"id":"1.149541450","rc":[{"ltp":8.0,"id":7446579}]}]}
{"op":"mcm","clk":"7701990504","pt":1539485575053,"mc":[{"id":"1.149541450","rc":[{"ltp":7.8,"id":7446579}]}]}
{"op":"mcm","clk":"7701996035","pt":1539485654843,"mc":[{"id":"1.149541450","rc":[{"ltp":8.0,"id":7446579}]}]}
{"op":"mcm","clk":"7702023916","pt":1539485918334,"mc":[{"id":"1.149541450","rc":[{"ltp":7.8,"id":7446579}]}]}
{"op":"mcm","clk":"7702034731","pt":1539486078311,"mc":[{"id":"1.149541450","rc":[{"ltp":1.15,"id":2249229}]}]}
{"op":"mcm","clk":"7702039256","pt":1539486144704,"mc":[{"id":"1.149541450","rc":[{"ltp":1.14,"id":2249229}]}]}
{"op":"mcm","clk":"7702046141","pt":1539486233321,"mc":[{"id":"1.149541450","rc":[{"ltp":1.15,"id":2249229}]}]}
{"op":"mcm","clk":"7702049254","pt":1539486282575,"mc":[{"id":"1.149541450","rc":[{"ltp":1.14,"id":2249229}]}]}
{"op":"mcm","clk":"7702058068","pt":1539486429861,"mc":[{"id":"1.149541450","rc":[{"ltp":1.15,"id":2249229}]}]}
{"op":"mcm","clk":"7702098637","pt":1539486926505,"mc":[{"id":"1.149541450","rc":[{"ltp":1.14,"id":2249229}]}]}
{"op":"mcm","clk":"7702111133","pt":1539487103877,"mc":[{"id":"1.149541450","rc":[{"ltp":8.0,"id":7446579}]}]}
{"op":"mcm","clk":"7702114913","pt":1539487162777,"mc":[{"id":"1.149541450","rc":[{"ltp":1.15,"id":2249229}]}]}
{"op":"mcm","clk":"7702123224","pt":1539487289695,"mc":[{"id":"1.149541450","rc":[{"ltp":1.14,"id":2249229}]}]}
{"op":"mcm","clk":"7702124452","pt":1539487309949,"mc":[{"id":"1.149541450","rc":[{"ltp":1.15,"id":2249229}]}]}
{"op":"mcm","clk":"7702162651","pt":1539487769670,"mc":[{"id":"1.149541450","rc":[{"ltp":1.14,"id":2249229},{"ltp":7.8,"id":7446579}]}]}
{"op":"mcm","clk":"7702167706","pt":1539487845205,"mc":[{"id":"1.149541450","rc":[{"ltp":7.6,"id":7446579}]}]}
{"op":"mcm","clk":"7702173231","pt":1539487929155,"mc":[{"id":"1.149541450","rc":[{"ltp":1.15,"id":2249229}]}]}
{"op":"mcm","clk":"7702202994","pt":1539488425553,"mc":[{"id":"1.149541450","rc":[{"ltp":1.14,"id":2249229}]}]}
{"op":"mcm","clk":"7702224739","pt":1539488653316,"mc":[{"id":"1.149541450","rc":[{"ltp":1.15,"id":2249229},{"ltp":8.0,"id":7446579}]}]}
{"op":"mcm","clk":"7702249450","pt":1539489140280,"mc":[{"id":"1.149541450","rc":[{"ltp":7.8,"id":7446579}]}]}
{"op":"mcm","clk":"7702279356","pt":1539489552622,"mc":[{"id":"1.149541450","rc":[{"ltp":1.14,"id":2249229}]}]}
{"op":"mcm","clk":"7702309291","pt":1539490100784,"mc":[{"id":"1.149541450","rc":[{"ltp":1.15,"id":2249229}]}]}
{"op":"mcm","clk":"7702314352","pt":1539490214438,"mc":[{"id":"1.149541450","rc":[{"ltp":8.0,"id":7446579}]}]}
{"op":"mcm","clk":"7702353615","pt":1539490876418,"mc":[{"id":"1.149541450","rc":[{"ltp":7.8,"id":7446579}]}]}
{"op":"mcm","clk":"7702380097","pt":1539491243650,"mc":[{"id":"1.149541450","rc":[{"ltp":1.14,"id":2249229}]}]}
{"op":"mcm","clk":"7702382325","pt":1539491288991,"mc":[{"id":"1.149541450","rc":[{"ltp":1.15,"id":2249229}]}]}
{"op":"mcm","clk":"7702434098","pt":1539492142281,"mc":[{"id":"1.149541450","rc":[{"ltp":7.6,"id":7446579}]}]}
{"op":"mcm","clk":"7702468565","pt":1539492842060,"mc":[{"id":"1.149541450","rc":[{"ltp":1.16,"id":2249229}]}]}
{"op":"mcm","clk":"7702474839","pt":1539492982617,"mc":[{"id":"1.149541450","rc":[{"ltp":1.15,"id":2249229}]}]}
{"op":"mcm","clk":"7702490975","pt":1539493119906,"mc":[{"id":"1.149541450","rc":[{"ltp":1.16,"id":2249229}]}]}
{"op":"mcm","clk":"7702500548","pt":1539493286918,"mc":[{"id":"1.149541450","rc":[{"ltp":1.15,"id":2249229}]}]}
{"op":"mcm","clk":"7702505843","pt":1539493371868,"mc":[{"id":"1.149541450","rc":[{"ltp":1.16,"id":2249229}]}]}
{"op":"mcm","clk":"7702519458","pt":1539493588971,"mc":[{"id":"1.149541450","rc":[{"ltp":1.14,"id":2249229}]}]}
{"op":"mcm","clk":"7702523688","pt":1539493670935,"mc":[{"id":"1.149541450","rc":[{"ltp":1.16,"id":2249229}]}]}
{"op":"mcm","clk":"7702527055","pt":1539493740757,"mc":[{"id":"1.149541450","rc":[{"ltp":1.15,"id":2249229}]}]}
{"op":"mcm","clk":"7702554214","pt":1539494044879,"mc":[{"id":"1.149541450","rc":[{"ltp":1.14,"id":2249229}]}]}
{"op":"mcm","clk":"7702561752","pt":1539494168374,"mc":[{"id":"1.149541450","rc":[{"ltp":1.15,"id":2249229}]}]}
{"op":"mcm","clk":"7702570307","pt":1539494294016,"mc":[{"id":"1.149541450","rc":[{"ltp":7.8,"id":7446579}]}]}
{"op":"mcm","clk":"7702579265","pt":1539494420703,"mc":[{"id":"1.149541450","rc":[{"ltp":1.16,"id":2249229}]}]}
{"op":"mcm","clk":"7702584384","pt":1539494489575,"mc":[{"id":"1.149541450","rc":[{"ltp":1.14,"id":2249229}]}]}
{"op":"mcm","clk":"7702587915","pt":1539494541302,"mc":[{"id":"1.149541450","rc":[{"ltp":1.16,"id":2249229},{"ltp":7.4,"id":7446579}]}]}
{"op":"mcm","clk":"7702592301","pt":1539494607664,"mc":[{"id":"1.149541450","rc":[{"ltp":7.6,"id":7446579}]}]}
{"op":"mcm","clk":"7702636994","pt":1539495174695,"mc":[{"id":"1.149541450","rc":[{"ltp":1.15,"id":2249229}]}]}
{"op":"mcm","clk":"7702644823","pt":1539495307451,"mc":[{"id":"1.149541450","rc":[{"ltp":1.16,"id":2249229}]}]}
{"op":"mcm","clk":"7702676891","pt":1539495735730,"mc":[{"id":"1.149541450","rc":[{"ltp":7.4,"id":7446579}]}]}
{"op":"mcm","clk":"7702691499","pt":1539495980844,"mc":[{"id":"1.149541450","rc":[{"ltp":1.15,"id":2249229},{"ltp":7.6,"id":7446579}]}]}
{"op":"mcm","clk":"7702703986","pt":1539496194401,"mc":[{"id":"1.149541450","rc":[{"ltp":1.16,"id":2249229}]}]}
{"op":"mcm","clk":"7702708760","pt":1539496275927,"mc":[{"id":"1.149541450","rc":[{"ltp":7.4,"id":7446579}]}]}
{"op":"mcm","clk":"7702715914","pt":1539496408375,"mc":[{"id":"1.149541450","rc":[{"ltp":1.15,"id":2249229},{"ltp":7.6,"id":7446579}]}]}
{"op":"mcm","clk":"7702718560","pt":1539496456124,"mc":[{"id":"1.149541450","rc":[{"ltp":7.8,"id":7446579}]}]}
{"op":"mcm","clk":"7702726406","pt":1539496588501,"mc":[{"id":"1.149541450","rc":[{"ltp":7.4,"id":7446579}]}]}
{"op":"mcm","clk":"7702739149","pt":1539496649285,"mc":[{"id":"1.149541450","rc":[{"ltp":7.6,"id":7446579}]}]}
{"op":"mcm","clk":"7702742524","pt":1539496708435,"mc":[{"id":"1.149541450","rc":[{"ltp":1.16,"id":2249229}]}]}
{"op":"mcm","clk":"7702746095","pt":1539496769643,"mc":[{"id":"1.149541450","rc":[{"ltp":7.4,"id":7446579}]}]}
{"op":"mcm","clk":"7702753729","pt":1539496889584,"mc":[{"id":"1.149541450","rc":[{"ltp":1.15,"id":2249229},{"ltp":7.6,"id":7446579}]}]}
{"op":"mcm","clk":"7702755486","pt":1539496921650,"mc":[{"id":"1.149541450","rc":[{"ltp":7.4,"id":7446579}]}]}
{"op":"mcm","clk":"7702758832","pt":1539496975451,"mc":[{"id":"1.149541450","rc":[{"ltp":1.16,"id":2249229}]}]}
{"op":"mcm","clk":"7702765051","pt":1539497069612,"mc":[{"id":"1.149541450","rc":[{"ltp":1.14,"id":2249229}]}]}
{"op":"mcm","clk":"7702766480","pt":1539497090725,"mc":[{"id":"1.149541450","rc":[{"ltp":1.15,"id":2249229}]}]}
{"op":"mcm","clk":"7702793486","pt":1539497486094,"mc":[{"id":"1.149541450","rc":[{"ltp":1.16,"id":2249229}]}]}
{"op":"mcm","clk":"7702805810","pt":1539497529307,"mc":[{"id":"1.149541450","rc":[{"ltp":7.8,"id":7446579}]}]}
{"op":"mcm","clk":"7702811242","pt":1539497606524,"mc":[{"id":"1.149541450","rc":[{"ltp":1.15,"id":2249229},{"ltp":7.6,"id":7446579}]}]}
{"op":"mcm","clk":"7702819822","pt":1539497727820,"mc":[{"id":"1.149541450","rc":[{"ltp":1.16,"id":2249229}]}]}
{"op":"mcm","clk":"7702823170","pt":1539497778738,"mc":[{"id":"1.149541450","rc":[{"ltp":7.4,"id":7446579}]}]}
{"op":"mcm","clk":"7702827814","pt":1539497843917,"mc":[{"id":"1.149541450","rc":[{"ltp":1.15,"id":2249229}]}]}
{"op":"mcm","clk":"7702832524","pt":1539497914672,"mc":[{"id":"1.149541450","rc":[{"ltp":1.16,"id":2249229}]}]}
{"op":"mcm","clk":"7702843876","pt":1539498084413,"mc":[{"id":"1.149541450","rc":[{"ltp":1.15,"id":2249229}]}]}
{"op":"mcm","clk":"7702852628","pt":1539498207507,"mc":[{"id":"1.149541450","rc":[{"ltp":1.16,"id":2249229}]}]}
{"op":"mcm","clk":"7702862829","pt":1539498366474,"mc":[{"id":"1.149541450","rc":[{"ltp":1.15,"id":2249229},{"ltp":7.6,"id":7446579}]}]}
{"op":"mcm","clk":"7702882112","pt":1539498509655,"mc":[{"id":"1.149541450","rc":[{"ltp":7.4,"id":7446579}]}]}
{"op":"mcm","clk":"7702893382","pt":1539498674539,"mc":[{"id":"1.149541450","rc":[{"ltp":1.16,"id":2249229},{"ltp":7.6,"id":7446579}]}]}
{"op":"mcm","clk":"7702901275","pt":1539498786403,"mc":[{"id":"1.149541450","rc":[{"ltp":7.4,"id":7446579}]}]}
{"op":"mcm","clk":"7702905761","pt":1539498854368,"mc":[{"id":"1.149541450","rc":[{"ltp":1.15,"id":2249229}]}]}
{"op":"mcm","clk":"7702910419","pt":1539498928819,"mc":[{"id":"1.149541450","rc":[{"ltp":1.16,"id":2249229}]}]}
{"op":"mcm","clk":"7702917933","pt":1539499048669,"mc":[{"id":"1.149541450","rc":[{"ltp":7.6,"id":7446579}]}]}
{"op":"mcm","clk":"7702921040","pt":1539499100809,"mc":[{"id":"1.149541450","rc":[{"ltp":1.15,"id":2249229},{"ltp":7.4,"id":7446579}]}]}
{"op":"mcm","clk":"7702951856","pt":1539499469618,"mc":[{"id":"1.149541450","rc":[{"ltp":1.16,"id":2249229}]}]}
{"op":"mcm","clk":"7702963825","pt":1539499649128,"mc":[{"id":"1.149541450","rc":[{"ltp":1.15,"id":2249229}]}]}
{"op":"mcm","clk":"7702970669","pt":1539499750651,"mc":[{"id":"1.149541450","rc":[{"ltp":1.16,"id":2249229}]}]}
{"op":"mcm","clk":"7702981059","pt":1539499909145,"mc":[{"id":"1.149541450","rc":[{"ltp":7.6,"id":7446579}]}]}
{"op":"mcm","clk":"7702991693","pt":1539500066336,"mc":[{"id":"1.149541450","rc":[{"ltp":1.15,"id":2249229},{"ltp":7.4,"id":7446579}]}]}
{"op":"mcm","clk":"7702998780","pt":1539500183159,"mc":[{"id":"1.149541450","rc":[{"ltp":1.16,"id":2249229}]}]}
{"op":"mcm","clk":"7703000952","pt":1539500219127,"mc":[{"id":"1.149541450","rc":[{"ltp":1.15,"id":2249229}]}]}
{"op":"mcm","clk":"7703019393","pt":1539500379659,"mc":[{"id":"1.149541450","rc":[{"ltp":1.16,"id":2249229}]}]}
{"op":"mcm","clk":"7703030087","pt":1539500546665,"mc":[{"id":"1.149541450","rc":[{"ltp":1.15,"id":2249229}]}]}
{"op":"mcm","clk":"7703060171","pt":1539500962935,"mc":[{"id":"1.149541450","rc":[{"ltp":1.16,"id":2249229}]}]}
{"op":"mcm","clk":"7703085224","pt":1539501149075,"mc":[{"id":"1.149541450","rc":[{"ltp":1.15,"id":2249229}]}]}
{"op":"mcm","clk":"7703099025","pt":1539501326822,"mc":[{"id":"1.149541450","rc":[{"ltp":1.16,"id":2249229}]}]}
{"op":"mcm","clk":"7703111854","pt":1539501491582,"mc":[{"id":"1.149541450","rc":[{"ltp":1.15,"id":2249229}]}]}
{"op":"mcm","clk":"7703125287","pt":1539501672419,"mc":[{"id":"1.149541450","rc":[{"ltp":1.16,"id":2249229}]}]}
{"op":"mcm","clk":"7703135397","pt":1539501806519,"mc":[{"id":"1.149541450","rc":[{"ltp":7.2,"id":7446579}]}]}
{"op":"mcm","clk":"7703149178","pt":1539501982187,"mc":[{"id":"1.149541450","rc":[{"ltp":1.15,"id":2249229}]}]}
{"op":"mcm","clk":"7703163431","pt":1539502045124,"mc":[{"id":"1.149541450","rc":[{"ltp":1.16,"id":2249229},{"ltp":7.4,"id":7446579}]}]}
{"op":"mcm","clk":"7703167794","pt":1539502105845,"mc":[{"id":"1.149541450","rc":[{"ltp":1.15,"id":2249229}]}]}
{"op":"mcm","clk":"7703171910","pt":1539502160833,"mc":[{"id":"1.149541450","rc":[{"ltp":1.16,"id":2249229}]}]}
{"op":"mcm","clk":"7703179591","pt":1539502266882,"mc":[{"id":"1.149541450","rc":[{"ltp":1.15,"id":2249229}]}]}
{"op":"mcm","clk":"7703184037","pt":1539502323844,"mc":[{"id":"1.149541450","rc":[{"ltp":1.16,"id":2249229}]}]}
{"op":"mcm","clk":"7703189526","pt":1539502381987,"mc":[{"id":"1.149541450","rc":[{"ltp":7.2,"id":7446579}]}]}
{"op":"mcm","clk":"7703206703","pt":1539502587898,"mc":[{"id":"1.149541450","rc":[{"ltp":1.15,"id":2249229}]}]}
{"op":"mcm","clk":"7703216066","pt":1539502706988,"mc":[{"id":"1.149541450","rc":[{"ltp":1.16,"id":2249229}]}]}
{"op":"mcm","clk":"7703220772","pt":1539502769659,"mc":[{"id":"1.149541450","rc":[{"ltp":1.17,"id":2249229}]}]}
{"op":"mcm","clk":"7703225558","pt":1539502828282,"mc":[{"id":"1.149541450","rc":[{"ltp":1.16,"id":2249229}]}]}
{"op":"mcm","clk":"7703230407","pt":1539502886744,"mc":[{"id":"1.149541450","rc":[{"ltp":1.17,"id":2249229}]}]}
{"op":"mcm","clk":"7703253567","pt":1539503065359,"mc":[{"id":"1.149541450","rc":[{"ltp":1.16,"id":2249229}]}]}
{"op":"mcm","clk":"7703269988","pt":1539503246051,"mc":[{"id":"1.149541450","rc":[{"ltp":1.17,"id":2249229}]}]}
{"op":"mcm","clk":"7703280711","pt":1539503369526,"mc":[{"id":"1.149541450","rc":[{"ltp":7.4,"id":7446579}]}]}
{"op":"mcm","clk":"7703285494","pt":1539503428805,"mc":[{"id":"1.149541450","rc":[{"ltp":1.16,"id":2249229},{"ltp":7.0,"id":7446579}]}]}
{"op":"mcm","clk":"7703290104","pt":1539503484588,"mc":[{"id":"1.149541450","rc":[{"ltp":1.17,"id":2249229},{"ltp":7.2,"id":7446579}]}]}
{"op":"mcm","clk":"7703295591","pt":1539503549563,"mc":[{"id":"1.149541450","rc":[{"ltp":1.16,"id":2249229}]}]}
{"op":"mcm","clk":"7703300156","pt":1539503609166,"mc":[{"id":"1.149541450","rc":[{"ltp":7.4,"id":7446579}]}]}
{"op":"mcm","clk":"7703309699","pt":1539503727631,"mc":[{"id":"1.149541450","rc":[{"ltp":1.15,"id":2249229}]}]}
{"op":"mcm","clk":"7703314208","pt":1539503789730,"mc":[{"id":"1.149541450","rc":[{"ltp":1.16,"id":2249229}]}]}
{"op":"mcm","clk":"7703331937","pt":1539503909571,"mc":[{"id":"1.149541450","rc":[{"ltp":1.17,"id":2249229},{"ltp":7.2,"id":7446579}]}]}
{"op":"mcm","clk":"7703335755","pt":1539503967311,"mc":[{"id":"1.149541450","rc":[{"ltp":1.16,"id":2249229}]}]}
{"op":"mcm","clk":"7703340380","pt":1539504026493,"mc":[{"id":"1.149541450","rc":[{"ltp":1.17,"id":2249229}]}]}
{"op":"mcm","clk":"7703349521","pt":1539504149613,"mc":[{"id":"1.149541450","rc":[{"ltp":1.16,"id":2249229}]}]}
{"op":"mcm","clk":"7703375754","pt":1539504446542,"mc":[{"id":"1.149541450","rc":[{"ltp":1.17,"id":2249229}]}]}
{"op":"mcm","clk":"7703382368","pt":1539504509655,"mc":[{"id":"1.149541450","rc":[{"ltp":1.16,"id":2249229}]}]}
{"op":"mcm","clk":"7703393933","pt":1539504629618,"mc":[{"id":"1.149541450","rc":[{"ltp":1.17,"id":2249229}]}]}
{"op":"mcm","clk":"7703399781","pt":1539504686597,"mc":[{"id":"1.149541450","rc":[{"ltp":1.16,"id":2249229}]}]}
{"op":"mcm","clk":"7703421402","pt":1539504806921,"mc":[{"id":"1.149541450","rc":[{"ltp":1.17,"id":2249229},{"ltp":7.0,"id":7446579}]}]}
{"op":"mcm","clk":"7703427657","pt":1539504868999,"mc":[{"id":"1.149541450","rc":[{"ltp":1.16,"id":2249229},{"ltp":7.2,"id":7446579}]}]}
{"op":"mcm","clk":"7703440414","pt":1539504989133,"mc":[{"id":"1.149541450","rc":[{"ltp":1.17,"id":2249229}]}]}
{"op":"mcm","clk":"7703445953","pt":1539505046158,"mc":[{"id":"1.149541450","rc":[{"ltp":1.16,"id":2249229},{"ltp":7.0,"id":7446579}]}]}
{"op":"mcm","clk":"7703451964","pt":1539505107644,"mc":[{"id":"1.149541450","rc":[{"ltp":1.17,"id":2249229},{"ltp":7.2,"id":7446579}]}]}
{"op":"mcm","clk":"7703462725","pt":1539505229152,"mc":[{"id":"1.149541450","rc":[{"ltp":1.16,"id":2249229}]}]}
{"op":"mcm","clk":"7703467738","pt":1539505288596,"mc":[{"id":"1.149541450","rc":[{"ltp":6.8,"id":7446579}]}]}
{"op":"mcm","clk":"7703472303","pt":1539505344813,"mc":[{"id":"1.149541450","rc":[{"ltp":1.17,"id":2249229},{"ltp":7.0,"id":7446579}]}]}
{"op":"mcm","clk":"7703477813","pt":1539505409369,"mc":[{"id":"1.149541450","rc":[{"ltp":1.16,"id":2249229}]}]}
{"op":"mcm","clk":"7703482611","pt":1539505468706,"mc":[{"id":"1.149541450","rc":[{"ltp":1.17,"id":2249229}]}]}
{"op":"mcm","clk":"7703488379","pt":1539505529426,"mc":[{"id":"1.149541450","rc":[{"ltp":1.16,"id":2249229},{"ltp":6.8,"id":7446579}]}]}
{"op":"mcm","clk":"7703510402","pt":1539505648129,"mc":[{"id":"1.149541450","rc":[{"ltp":1.17,"id":2249229}]}]}
{"op":"mcm","clk":"7703516489","pt":1539505709437,"mc":[{"id":"1.149541450","rc":[{"ltp":7.0,"id":7446579}]}]}
{"op":"mcm","clk":"7703522589","pt":1539505769548,"mc":[{"id":"1.149541450","marketDefinition":{"bspMarket":false,"turnInPlayEnabled":true,"persistenceEnabled":true,"marketBaseRate":5.0,"eventId":"28955312","eventTypeId":"2","numberOfWinners":1,"bettingType":"ODDS","marketType":"MATCH_ODDS","marketTime":"2018-10-14T08:25:00.000Z","suspendTime":"2018-10-14T08:25:00.000Z","bspReconciled":false,"complete":true,"inPlay":false,"crossMatching":true,"runnersVoidable":false,"numberOfActiveRunners":2,"betDelay":0,"status":"OPEN","runners":[{"status":"ACTIVE","sortPriority":1,"id":7446579,"name":"Borna Coric"},{"status":"ACTIVE","sortPriority":2,"id":2249229,"name":"Novak Djokovic"}],"regulators":["MR_INT"],"countryCode":"CN","discountAllowed":true,"timezone":"UTC","openDate":"2018-10-14T08:25:00.000Z","version":2454946767,"name":"Match Odds","eventName":"Coric v Djokovic"}}]}
{"op":"mcm","clk":"7703536030","pt":1539505888450,"mc":[{"id":"1.149541450","rc":[{"ltp":7.2,"id":7446579}]}]}
{"op":"mcm","clk":"7703542524","pt":1539505949498,"mc":[{"id":"1.149541450","rc":[{"ltp":1.16,"id":2249229},{"ltp":7.0,"id":7446579}]}]}
{"op":"mcm","clk":"7703549606","pt":1539506009431,"mc":[{"id":"1.149541450","rc":[{"ltp":7.2,"id":7446579}]}]}
{"op":"mcm","clk":"7703555774","pt":1539506068697,"mc":[{"id":"1.149541450","rc":[{"ltp":1.17,"id":2249229},{"ltp":6.8,"id":7446579}]}]}
{"op":"mcm","clk":"7703561605","pt":1539506127013,"mc":[{"id":"1.149541450","rc":[{"ltp":1.16,"id":2249229},{"ltp":7.0,"id":7446579}]}]}
{"op":"mcm","clk":"7703567458","pt":1539506183940,"mc":[{"id":"1.149541450","rc":[{"ltp":1.17,"id":2249229}]}]}
{"op":"mcm","clk":"7703573912","pt":1539506247888,"mc":[{"id":"1.149541450","rc":[{"ltp":7.2,"id":7446579}]}]}
{"op":"mcm","clk":"7703585874","pt":1539506369675,"mc":[{"id":"1.149541450","rc":[{"ltp":7.0,"id":7446579}]}]}
{"op":"mcm","clk":"7703614051","pt":1539506549618,"mc":[{"id":"1.149541450","marketDefinition":{"bspMarket":false,"turnInPlayEnabled":true,"persistenceEnabled":true,"marketBaseRate":5.0,"eventId":"28955312","eventTypeId":"2","numberOfWinners":1,"bettingType":"ODDS","marketType":"MATCH_ODDS","marketTime":"2018-10-14T08:25:00.000Z","suspendTime":"2018-10-14T08:25:00.000Z","bspReconciled":false,"complete":true,"inPlay":true,"crossMatching":true,"runnersVoidable":false,"numberOfActiveRunners":2,"betDelay":5,"status":"OPEN","runners":[{"status":"ACTIVE","sortPriority":1,"id":7446579,"name":"Borna Coric"},{"status":"ACTIVE","sortPriority":2,"id":2249229,"name":"Novak Djokovic"}],"regulators":["MR_INT"],"countryCode":"CN","discountAllowed":true,"timezone":"UTC","openDate":"2018-10-14T08:25:00.000Z","version":2454959133,"name":"Match Odds","eventName":"Coric v Djokovic"},"rc":[{"ltp":1.16,"id":2249229},{"ltp":7.2,"id":7446579}]}]}
{"op":"mcm","clk":"7703620371","pt":1539506609626,"mc":[{"id":"1.149541450","rc":[{"ltp":1.17,"id":2249229}]}]}
{"op":"mcm","clk":"7703627074","pt":1539506669700,"mc":[{"id":"1.149541450","rc":[{"ltp":1.16,"id":2249229}]}]}
{"op":"mcm","clk":"7703633942","pt":1539506728647,"mc":[{"id":"1.149541450","rc":[{"ltp":1.17,"id":2249229},{"ltp":6.4,"id":7446579}]}]}
{"op":"mcm","clk":"7703641433","pt":1539506789673,"mc":[{"id":"1.149541450","rc":[{"ltp":6.8,"id":7446579}]}]}
{"op":"mcm","clk":"7703648526","pt":1539506849670,"mc":[{"id":"1.149541450","rc":[{"ltp":1.15,"id":2249229},{"ltp":7.8,"id":7446579}]}]}
{"op":"mcm","clk":"7703655696","pt":1539506909646,"mc":[{"id":"1.149541450","rc":[{"ltp":1.17,"id":2249229},{"ltp":6.8,"id":7446579}]}]}
{"op":"mcm","clk":"7703662885","pt":1539506969658,"mc":[{"id":"1.149541450","rc":[{"ltp":1.16,"id":2249229},{"ltp":7.6,"id":7446579}]}]}
{"op":"mcm","clk":"7703670385","pt":1539507029299,"mc":[{"id":"1.149541450","rc":[{"ltp":1.14,"id":2249229}]}]}
{"op":"mcm","clk":"7703677366","pt":1539507088288,"mc":[{"id":"1.149541450","rc":[{"ltp":8.2,"id":7446579}]}]}
{"op":"mcm","clk":"7703683949","pt":1539507149573,"mc":[{"id":"1.149541450","rc":[{"ltp":8.0,"id":7446579}]}]}
{"op":"mcm","clk":"7703690177","pt":1539507208893,"mc":[{"id":"1.149541450","rc":[{"ltp":1.16,"id":2249229},{"ltp":7.2,"id":7446579}]}]}
{"op":"mcm","clk":"7703696514","pt":1539507269455,"mc":[{"id":"1.149541450","rc":[{"ltp":1.18,"id":2249229},{"ltp":6.6,"id":7446579}]}]}
{"op":"mcm","clk":"7703702907","pt":1539507329407,"mc":[{"id":"1.149541450","rc":[{"ltp":1.19,"id":2249229},{"ltp":6.2,"id":7446579}]}]}
{"op":"mcm","clk":"7703708717","pt":1539507389676,"mc":[{"id":"1.149541450","rc":[{"ltp":1.16,"id":2249229},{"ltp":6.8,"id":7446579}]}]}
{"op":"mcm","clk":"7703723687","pt":1539507449434,"mc":[{"id":"1.149541450","rc":[{"ltp":7.6,"id":7446579}]}]}
{"op":"mcm","clk":"7703729931","pt":1539507509721,"mc":[{"id":"1.149541450","rc":[{"ltp":7.2,"id":7446579}]}]}
{"op":"mcm","clk":"7703742518","pt":1539507629425,"mc":[{"id":"1.149541450","rc":[{"ltp":1.11,"id":2249229},{"ltp":9.0,"id":7446579}]}]}
{"op":"mcm","clk":"7703748942","pt":1539507689612,"mc":[{"id":"1.149541450","rc":[{"ltp":1.12,"id":2249229},{"ltp":9.2,"id":7446579}]}]}
{"op":"mcm","clk":"7703755324","pt":1539507749017,"mc":[{"id":"1.149541450","rc":[{"ltp":1.11,"id":2249229},{"ltp":10.0,"id":7446579}]}]}
{"op":"mcm","clk":"7703761711","pt":1539507809732,"mc":[{"id":"1.149541450","rc":[{"ltp":1.15,"id":2249229},{"ltp":7.6,"id":7446579}]}]}
{"op":"mcm","clk":"7703768326","pt":1539507869594,"mc":[{"id":"1.149541450","rc":[{"ltp":1.14,"id":2249229},{"ltp":7.2,"id":7446579}]}]}
{"op":"mcm","clk":"7703774944","pt":1539507929720,"mc":[{"id":"1.149541450","rc":[{"ltp":1.16,"id":2249229}]}]}
{"op":"mcm","clk":"7703781874","pt":1539507989706,"mc":[{"id":"1.149541450","rc":[{"ltp":1.11,"id":2249229},{"ltp":8.0,"id":7446579}]}]}
{"op":"mcm","clk":"7703788943","pt":1539508049691,"mc":[{"id":"1.149541450","rc":[{"ltp":1.09,"id":2249229},{"ltp":12.5,"id":7446579}]}]}
{"op":"mcm","clk":"7703796184","pt":1539508109662,"mc":[{"id":"1.149541450","rc":[{"ltp":1.07,"id":2249229},{"ltp":14.5,"id":7446579}]}]}
{"op":"mcm","clk":"7703803587","pt":1539508169668,"mc":[{"id":"1.149541450","rc":[{"ltp":13.5,"id":7446579}]}]}
{"op":"mcm","clk":"7703810440","pt":1539508229660,"mc":[{"id":"1.149541450","rc":[{"ltp":16.0,"id":7446579}]}]}
{"op":"mcm","clk":"7703817329","pt":1539508289431,"mc":[{"id":"1.149541450","rc":[{"ltp":14.0,"id":7446579}]}]}
{"op":"mcm","clk":"7703833718","pt":1539508349355,"mc":[{"id":"1.149541450","rc":[{"ltp":1.08,"id":2249229},{"ltp":15.0,"id":7446579}]}]}
{"op":"mcm","clk":"7703840936","pt":1539508408977,"mc":[{"id":"1.149541450","rc":[{"ltp":1.07,"id":2249229}]}]}
{"op":"mcm","clk":"7703848556","pt":1539508469675,"mc":[{"id":"1.149541450","rc":[{"ltp":1.06,"id":2249229},{"ltp":17.5,"id":7446579}]}]}
{"op":"mcm","clk":"7703855978","pt":1539508528461,"mc":[{"id":"1.149541450","rc":[{"ltp":1.07,"id":2249229},{"ltp":15.0,"id":7446579}]}]}
{"op":"mcm","clk":"7703863616","pt":1539508589446,"mc":[{"id":"1.149541450","rc":[{"ltp":1.06,"id":2249229}]}]}
{"op":"mcm","clk":"7703870604","pt":1539508649540,"mc":[{"id":"1.149541450","rc":[{"ltp":1.07,"id":2249229}]}]}
{"op":"mcm","clk":"7703877579","pt":1539508708903,"mc":[{"id":"1.149541450","rc":[{"ltp":14.0,"id":7446579}]}]}
{"op":"mcm","clk":"7703884986","pt":1539508769632,"mc":[{"id":"1.149541450","rc":[{"ltp":15.5,"id":7446579}]}]}
{"op":"mcm","clk":"7703891165","pt":1539508828469,"mc":[{"id":"1.149541450","rc":[{"ltp":1.06,"id":2249229},{"ltp":18.5,"id":7446579}]}]}
{"op":"mcm","clk":"7703898506","pt":1539508889542,"mc":[{"id":"1.149541450","rc":[{"ltp":18.0,"id":7446579}]}]}
{"op":"mcm","clk":"7703905081","pt":1539508949386,"mc":[{"id":"1.149541450","rc":[{"ltp":1.05,"id":2249229}]}]}
{"op":"mcm","clk":"7703911614","pt":1539509008673,"mc":[{"id":"1.149541450","rc":[{"ltp":1.06,"id":2249229},{"ltp":19.0,"id":7446579}]}]}
{"op":"mcm","clk":"7703917909","pt":1539509069707,"mc":[{"id":"1.149541450","rc":[{"ltp":1.05,"id":2249229},{"ltp":21.0,"id":7446579}]}]}
{"op":"mcm","clk":"7703924404","pt":1539509129723,"mc":[{"id":"1.149541450","rc":[{"ltp":1.07,"id":2249229},{"ltp":17.5,"id":7446579}]}]}
{"op":"mcm","clk":"7703930796","pt":1539509188838,"mc":[{"id":"1.149541450","rc":[{"ltp":1.05,"id":2249229},{"ltp":21.0,"id":7446579}]}]}
{"op":"mcm","clk":"7703946649","pt":1539509249721,"mc":[{"id":"1.149541450","rc":[{"ltp":1.02,"id":2249229},{"ltp":50.0,"id":7446579}]}]}
{"op":"mcm","clk":"7703953043","pt":1539509309355,"mc":[{"id":"1.149541450","rc":[{"ltp":40.0,"id":7446579}]}]}
{"op":"mcm","clk":"7703959541","pt":1539509369731,"mc":[{"id":"1.149541450","rc":[{"ltp":1.03,"id":2249229}]}]}
{"op":"mcm","clk":"7703965617","pt":1539509429425,"mc":[{"id":"1.149541450","rc":[{"ltp":1.02,"id":2249229},{"ltp":60.0,"id":7446579}]}]}
{"op":"mcm","clk":"7703972001","pt":1539509488469,"mc":[{"id":"1.149541450","rc":[{"ltp":65.0,"id":7446579}]}]}
{"op":"mcm","clk":"7703978783","pt":1539509549660,"mc":[{"id":"1.149541450","rc":[{"ltp":60.0,"id":7446579}]}]}
{"op":"mcm","clk":"7703985975","pt":1539509609595,"mc":[{"id":"1.149541450","rc":[{"ltp":1.01,"id":2249229},{"ltp":65.0,"id":7446579}]}]}
{"op":"mcm","clk":"7703992591","pt":1539509669304,"mc":[{"id":"1.149541450","rc":[{"ltp":1.02,"id":2249229},{"ltp":75.0,"id":7446579}]}]}
{"op":"mcm","clk":"7703999656","pt":1539509729656,"mc":[{"id":"1.149541450","rc":[{"ltp":1.01,"id":2249229},{"ltp":100.0,"id":7446579}]}]}
{"op":"mcm","clk":"7704012687","pt":1539509849549,"mc":[{"id":"1.149541450","rc":[{"ltp":1.02,"id":2249229},{"ltp":85.0,"id":7446579}]}]}
{"op":"mcm","clk":"7704019006","pt":1539509909023,"mc":[{"id":"1.149541450","rc":[{"ltp":1.01,"id":2249229},{"ltp":100.0,"id":7446579}]}]}
{"op":"mcm","clk":"7704025657","pt":1539509969631,"mc":[{"id":"1.149541450","rc":[{"ltp":90.0,"id":7446579}]}]}
{"op":"mcm","clk":"7704032202","pt":1539510029629,"mc":[{"id":"1.149541450","rc":[{"ltp":1.02,"id":2249229},{"ltp":60.0,"id":7446579}]}]}
{"op":"mcm","clk":"7704038260","pt":1539510089001,"mc":[{"id":"1.149541450","rc":[{"ltp":1.01,"id":2249229},{"ltp":120.0,"id":7446579}]}]}
{"op":"mcm","clk":"7704053558","pt":1539510149578,"mc":[{"id":"1.149541450","rc":[{"ltp":100.0,"id":7446579}]}]}
{"op":"mcm","clk":"7704059605","pt":1539510209408,"mc":[{"id":"1.149541450","rc":[{"ltp":1.02,"id":2249229},{"ltp":60.0,"id":7446579}]}]}
{"op":"mcm","clk":"7704065494","pt":1539510269119,"mc":[{"id":"1.149541450","rc":[{"ltp":75.0,"id":7446579}]}]}
{"op":"mcm","clk":"7704072046","pt":1539510329478,"mc":[{"id":"1.149541450","rc":[{"ltp":60.0,"id":7446579}]}]}
{"op":"mcm","clk":"7704078797","pt":1539510389645,"mc":[{"id":"1.149541450","rc":[{"ltp":50.0,"id":7446579}]}]}
{"op":"mcm","clk":"7704085415","pt":1539510449597,"mc":[{"id":"1.149541450","rc":[{"ltp":1.01,"id":2249229},{"ltp":70.0,"id":7446579}]}]}
{"op":"mcm","clk":"7704092449","pt":1539510509229,"mc":[{"id":"1.149541450","rc":[{"ltp":75.0,"id":7446579}]}]}
{"op":"mcm","clk":"7704099431","pt":1539510568724,"mc":[{"id":"1.149541450","rc":[{"ltp":85.0,"id":7446579}]}]}
{"op":"mcm","clk":"7704105731","pt":1539510629461,"mc":[{"id":"1.149541450","rc":[{"ltp":75.0,"id":7446579}]}]}
{"op":"mcm","clk":"7704112187","pt":1539510689346,"mc":[{"id":"1.149541450","rc":[{"ltp":1.02,"id":2249229},{"ltp":60.0,"id":7446579}]}]}
{"op":"mcm","clk":"7704118712","pt":1539510748551,"mc":[{"id":"1.149541450","rc":[{"ltp":70.0,"id":7446579}]}]}
{"op":"mcm","clk":"7704125529","pt":1539510809256,"mc":[{"id":"1.149541450","rc":[{"ltp":60.0,"id":7446579}]}]}
{"op":"mcm","clk":"7704131922","pt":1539510869005,"mc":[{"id":"1.149541450","rc":[{"ltp":50.0,"id":7446579}]}]}
{"op":"mcm","clk":"7704162185","pt":1539511049373,"mc":[{"id":"1.149541450","rc":[{"ltp":38.0,"id":7446579}]}]}
{"op":"mcm","clk":"7704169677","pt":1539511109542,"mc":[{"id":"1.149541450","rc":[{"ltp":1.03,"id":2249229},{"ltp":50.0,"id":7446579}]}]}
{"op":"mcm","clk":"7704176847","pt":1539511167045,"mc":[{"id":"1.149541450","rc":[{"ltp":1.06,"id":2249229},{"ltp":17.5,"id":7446579}]}]}
{"op":"mcm","clk":"7704185146","pt":1539511229147,"mc":[{"id":"1.149541450","rc":[{"ltp":1.02,"id":2249229},{"ltp":50.0,"id":7446579}]}]}
{"op":"mcm","clk":"7704192497","pt":1539511288831,"mc":[{"id":"1.149541450","rc":[{"ltp":65.0,"id":7446579}]}]}
{"op":"mcm","clk":"7704199983","pt":1539511349250,"mc":[{"id":"1.149541450","rc":[{"ltp":1.01,"id":2249229},{"ltp":50.0,"id":7446579}]}]}
{"op":"mcm","clk":"7704207589","pt":1539511409229,"mc":[{"id":"1.149541450","rc":[{"ltp":1.02,"id":2249229}]}]}
{"op":"mcm","clk":"7704222079","pt":1539511529251,"mc":[{"id":"1.149541450","rc":[{"ltp":1.03,"id":2249229},{"ltp":65.0,"id":7446579}]}]}
{"op":"mcm","clk":"7704229316","pt":1539511589562,"mc":[{"id":"1.149541450","rc":[{"ltp":1.02,"id":2249229},{"ltp":34.0,"id":7446579}]}]}
{"op":"mcm","clk":"7704236421","pt":1539511648955,"mc":[{"id":"1.149541450","rc":[{"ltp":50.0,"id":7446579}]}]}
{"op":"mcm","clk":"7704244593","pt":1539511709686,"mc":[{"id":"1.149541450","rc":[{"ltp":1.01,"id":2249229},{"ltp":100.0,"id":7446579}]}]}
{"op":"mcm","clk":"7704261499","pt":1539511829318,"mc":[{"id":"1.149541450","rc":[{"ltp":200.0,"id":7446579}]}]}
{"op":"mcm","clk":"7704287909","pt":1539511948673,"mc":[{"id":"1.149541450","rc":[{"ltp":100.0,"id":7446579}]}]}
{"op":"mcm","clk":"7704296348","pt":1539512008862,"mc":[{"id":"1.149541450","rc":[{"ltp":55.0,"id":7446579}]}]}
{"op":"mcm","clk":"7704304700","pt":1539512069554,"mc":[{"id":"1.149541450","rc":[{"ltp":1.02,"id":2249229},{"ltp":65.0,"id":7446579}]}]}
{"op":"mcm","clk":"7704313392","pt":1539512129222,"mc":[{"id":"1.149541450","rc":[{"ltp":55.0,"id":7446579}]}]}
{"op":"mcm","clk":"7704322115","pt":1539512189694,"mc":[{"id":"1.149541450","rc":[{"ltp":1.01,"id":2249229},{"ltp":190.0,"id":7446579}]}]}
{"op":"mcm","clk":"7704329811","pt":1539512246154,"mc":[{"id":"1.149541450","rc":[{"ltp":150.0,"id":7446579}]}]}
{"op":"mcm","clk":"7704337766","pt":1539512309508,"mc":[{"id":"1.149541450","marketDefinition":{"bspMarket":false,"turnInPlayEnabled":true,"persistenceEnabled":true,"marketBaseRate":5.0,"eventId":"28955312","eventTypeId":"2","numberOfWinners":1,"bettingType":"ODDS","marketType":"MATCH_ODDS","marketTime":"2018-10-14T08:25:00.000Z","suspendTime":"2018-10-14T08:25:00.000Z","bspReconciled":false,"complete":true,"inPlay":true,"crossMatching":true,"runnersVoidable":false,"numberOfActiveRunners":2,"betDelay":5,"status":"SUSPENDED","runners":[{"status":"ACTIVE","sortPriority":1,"id":7446579,"name":"Borna Coric"},{"status":"ACTIVE","sortPriority":2,"id":2249229,"name":"Novak Djokovic"}],"regulators":["MR_INT"],"countryCode":"CN","discountAllowed":true,"timezone":"UTC","openDate":"2018-10-14T08:25:00.000Z","version":2455109506,"name":"Match Odds","eventName":"Coric v Djokovic"},"rc":[{"ltp":1000.0,"id":7446579}]}]}
{"op":"mcm","clk":"7704350583","pt":1539512406901,"mc":[{"id":"1.149541450","marketDefinition":{"bspMarket":false,"turnInPlayEnabled":true,"persistenceEnabled":true,"marketBaseRate":5.0,"eventId":"28955312","eventTypeId":"2","numberOfWinners":1,"bettingType":"ODDS","marketType":"MATCH_ODDS","marketTime":"2018-10-14T08:25:00.000Z","suspendTime":"2018-10-14T08:25:00.000Z","bspReconciled":false,"complete":true,"inPlay":true,"crossMatching":false,"runnersVoidable":false,"numberOfActiveRunners":0,"betDelay":5,"status":"CLOSED","settledTime":"2018-10-14T10:19:05.000Z","runners":[{"status":"LOSER","sortPriority":1,"id":7446579,"name":"Borna Coric"},{"status":"WINNER","sortPriority":2,"id":2249229,"name":"Novak Djokovic"}],"regulators":["MR_INT"],"countryCode":"CN","discountAllowed":true,"timezone":"UTC","openDate":"2018-10-14T08:25:00.000Z","version":2455111214,"name":"Match Odds","eventName":"Coric v Djokovic"}}]}
