{"op":"mcm","clk":"7702252293","pt":1539342314600,"mc":[{"id":"1.149475734","marketDefinition":{"bspMarket":false,"turnInPlayEnabled":true,"persistenceEnabled":true,"marketBaseRate":5.0,"eventId":"28952613","eventTypeId":"2","numberOfWinners":1,"bettingType":"ODDS","marketType":"MATCH_ODDS","marketTime":"2018-10-13T05:00:00.000Z","suspendTime":"2018-10-13T05:00:00.000Z","bspReconciled":false,"complete":true,"inPlay":false,"crossMatching":true,"runnersVoidable":false,"numberOfActiveRunners":2,"betDelay":0,"status":"OPEN","runners":[{"status":"ACTIVE","sortPriority":1,"id":8244521,"name":"Su-Wei Hsieh"},{"status":"ACTIVE","sortPriority":2,"id":5248977,"name":"Caroline Garcia"}],"regulators":["MR_INT"],"countryCode":"CN","discountAllowed":true,"timezone":"UTC","openDate":"2018-10-13T05:00:00.000Z","version":2450648083,"name":"Match Odds","eventName":"Hsieh v Garcia"}}]}
{"op":"mcm","clk":"7702656837","pt":1539345799618,"mc":[{"id":"1.149475734","rc":[{"ltp":1.4,"id":5248977}]}]}
{"op":"mcm","clk":"7702882080","pt":1539347582620,"mc":[{"id":"1.149475734","rc":[{"ltp":3.0,"id":8244521}]}]}
{"op":"mcm","clk":"7702912562","pt":1539347861266,"mc":[{"id":"1.149475734","rc":[{"ltp":1.46,"id":5248977}]}]}
{"op":"mcm","clk":"7704660137","pt":1539362481303,"mc":[{"id":"1.149475734","rc":[{"ltp":1.5,"id":5248977}]}]}
{"op":"mcm","clk":"7704678271","pt":1539362633467,"mc":[{"id":"1.149475734","rc":[{"ltp":1.49,"id":5248977}]}]}
{"op":"mcm","clk":"7704683651","pt":1539362673947,"mc":[{"id":"1.149475734","rc":[{"ltp":1.48,"id":5248977}]}]}
{"op":"mcm","clk":"7704695964","pt":1539362774954,"mc":[{"id":"1.149475734","rc":[{"ltp":1.49,"id":5248977}]}]}
{"op":"mcm","clk":"7704759926","pt":1539363303466,"mc":[{"id":"1.149475734","rc":[{"ltp":1.5,"id":5248977}]}]}
{"op":"mcm","clk":"7704975952","pt":1539365001670,"mc":[{"id":"1.149475734","rc":[{"ltp":1.49,"id":5248977}]}]}
{"op":"mcm","clk":"7705351932","pt":1539367986654,"mc":[{"id":"1.149475734","rc":[{"ltp":1.48,"id":5248977}]}]}
{"op":"mcm","clk":"7705931767","pt":1539371834287,"mc":[{"id":"1.149475734","rc":[{"ltp":1.49,"id":5248977}]}]}
{"op":"mcm","clk":"7706077741","pt":1539372736025,"mc":[{"id":"1.149475734","rc":[{"ltp":1.51,"id":5248977},{"ltp":2.98,"id":8244521}]}]}
{"op":"mcm","clk":"7706301777","pt":1539374538090,"mc":[{"id":"1.149475734","rc":[{"ltp":1.53,"id":5248977}]}]}
{"op":"mcm","clk":"7706384727","pt":1539375290700,"mc":[{"id":"1.149475734","rc":[{"ltp":1.51,"id":5248977}]}]}
{"op":"mcm","clk":"7706481513","pt":1539376069434,"mc":[{"id":"1.149475734","rc":[{"ltp":1.49,"id":5248977}]}]}
{"op":"mcm","clk":"7706577364","pt":1539376896604,"mc":[{"id":"1.149475734","rc":[{"ltp":1.51,"id":5248977}]}]}
{"op":"mcm","clk":"7706585729","pt":1539376983128,"mc":[{"id":"1.149475734","rc":[{"ltp":3.1,"id":8244521}]}]}
{"op":"mcm","clk":"7706596159","pt":1539377103560,"mc":[{"id":"1.149475734","rc":[{"ltp":1.5,"id":5248977}]}]}
{"op":"mcm","clk":"7706600714","pt":1539377164849,"mc":[{"id":"1.149475734","rc":[{"ltp":1.49,"id":5248977}]}]}
{"op":"mcm","clk":"7706616074","pt":1539377226908,"mc":[{"id":"1.149475734","rc":[{"ltp":1.52,"id":5248977}]}]}
{"op":"mcm","clk":"7706655432","pt":1539377854944,"mc":[{"id":"1.149475734","rc":[{"ltp":1.51,"id":5248977}]}]}
{"op":"mcm","clk":"7706697770","pt":1539378359525,"mc":[{"id":"1.149475734","rc":[{"ltp":2.96,"id":8244521}]}]}
{"op":"mcm","clk":"7706717738","pt":1539378631733,"mc":[{"id":"1.149475734","rc":[{"ltp":1.52,"id":5248977}]}]}
{"op":"mcm","clk":"7706735116","pt":1539378902597,"mc":[{"id":"1.149475734","rc":[{"ltp":2.94,"id":8244521}]}]}
{"op":"mcm","clk":"7706756330","pt":1539379059356,"mc":[{"id":"1.149475734","rc":[{"ltp":2.92,"id":8244521}]}]}
{"op":"mcm","clk":"7706778811","pt":1539379443860,"mc":[{"id":"1.149475734","rc":[{"ltp":1.53,"id":5248977}]}]}
{"op":"mcm","clk":"7706786273","pt":1539379573944,"mc":[{"id":"1.149475734","rc":[{"ltp":1.52,"id":5248977},{"ltp":2.94,"id":8244521}]}]}
{"op":"mcm","clk":"7706804637","pt":1539379877132,"mc":[{"id":"1.149475734","rc":[{"ltp":1.51,"id":5248977}]}]}
{"op":"mcm","clk":"7706885817","pt":1539380834203,"mc":[{"id":"1.149475734","rc":[{"ltp":1.53,"id":5248977}]}]}
{"op":"mcm","clk":"7706890290","pt":1539380893269,"mc":[{"id":"1.149475734","rc":[{"ltp":2.88,"id":8244521}]}]}
{"op":"mcm","clk":"7706900351","pt":1539381048964,"mc":[{"id":"1.149475734","rc":[{"ltp":1.54,"id":5248977}]}]}
{"op":"mcm","clk":"7706907497","pt":1539381181246,"mc":[{"id":"1.149475734","rc":[{"ltp":1.52,"id":5248977}]}]}
{"op":"mcm","clk":"7706957159","pt":1539381867613,"mc":[{"id":"1.149475734","rc":[{"ltp":1.53,"id":5248977}]}]}
{"op":"mcm","clk":"7706963733","pt":1539381977520,"mc":[{"id":"1.149475734","rc":[{"ltp":1.54,"id":5248977}]}]}
{"op":"mcm","clk":"7706966088","pt":1539382016102,"mc":[{"id":"1.149475734","rc":[{"ltp":2.84,"id":8244521}]}]}
{"op":"mcm","clk":"7706977976","pt":1539382198801,"mc":[{"id":"1.149475734","rc":[{"ltp":1.55,"id":5248977}]}]}
{"op":"mcm","clk":"7706988859","pt":1539382372422,"mc":[{"id":"1.149475734","rc":[{"ltp":1.54,"id":5248977}]}]}
{"op":"mcm","clk":"7707021038","pt":1539382685382,"mc":[{"id":"1.149475734","rc":[{"ltp":1.55,"id":5248977}]}]}
{"op":"mcm","clk":"7707043060","pt":1539382999136,"mc":[{"id":"1.149475734","rc":[{"ltp":1.56,"id":5248977}]}]}
{"op":"mcm","clk":"7707066509","pt":1539383345213,"mc":[{"id":"1.149475734","rc":[{"ltp":1.55,"id":5248977}]}]}
{"op":"mcm","clk":"7707093053","pt":1539383562271,"mc":[{"id":"1.149475734","rc":[{"ltp":1.54,"id":5248977}]}]}
{"op":"mcm","clk":"7707140641","pt":1539384197476,"mc":[{"id":"1.149475734","rc":[{"ltp":1.55,"id":5248977}]}]}
{"op":"mcm","clk":"7707210690","pt":1539384999799,"mc":[{"id":"1.149475734","rc":[{"ltp":2.8,"id":8244521}]}]}
{"op":"mcm","clk":"7707274520","pt":1539385730699,"mc":[{"id":"1.149475734","rc":[{"ltp":1.54,"id":5248977}]}]}
{"op":"mcm","clk":"7707303302","pt":1539386083489,"mc":[{"id":"1.149475734","rc":[{"ltp":1.55,"id":5248977}]}]}
{"op":"mcm","clk":"7707426279","pt":1539387300997,"mc":[{"id":"1.149475734","rc":[{"ltp":1.54,"id":5248977}]}]}
{"op":"mcm","clk":"7707486380","pt":1539388018747,"mc":[{"id":"1.149475734","rc":[{"ltp":2.86,"id":8244521}]}]}
{"op":"mcm","clk":"7707518272","pt":1539388259990,"mc":[{"id":"1.149475734","rc":[{"ltp":2.8,"id":8244521}]}]}
{"op":"mcm","clk":"7707660600","pt":1539389879244,"mc":[{"id":"1.149475734","rc":[{"ltp":2.78,"id":8244521}]}]}
{"op":"mcm","clk":"7707829379","pt":1539392059747,"mc":[{"id":"1.149475734","rc":[{"ltp":1.56,"id":5248977}]}]}
{"op":"mcm","clk":"7707919768","pt":1539393257127,"mc":[{"id":"1.149475734","rc":[{"ltp":1.54,"id":5248977}]}]}
{"op":"mcm","clk":"7708106472","pt":1539395521304,"mc":[{"id":"1.149475734","rc":[{"ltp":2.8,"id":8244521}]}]}
{"op":"mcm","clk":"7708109340","pt":1539395565030,"mc":[{"id":"1.149475734","rc":[{"ltp":1.55,"id":5248977}]}]}
{"op":"mcm","clk":"7708162850","pt":1539396177959,"mc":[{"id":"1.149475734","rc":[{"ltp":1.54,"id":5248977}]}]}
{"op":"mcm","clk":"7708202863","pt":1539396674331,"mc":[{"id":"1.149475734","rc":[{"ltp":2.84,"id":8244521}]}]}
{"op":"mcm","clk":"7708459228","pt":1539399503388,"mc":[{"id":"1.149475734","rc":[{"ltp":2.82,"id":8244521}]}]}
{"op":"mcm","clk":"7708471374","pt":1539399639578,"mc":[{"id":"1.149475734","rc":[{"ltp":1.55,"id":5248977}]}]}
{"op":"mcm","clk":"7708553205","pt":1539400545651,"mc":[{"id":"1.149475734","rc":[{"ltp":1.53,"id":5248977}]}]}
{"op":"mcm","clk":"7708666348","pt":1539401731036,"mc":[{"id":"1.149475734","rc":[{"ltp":1.55,"id":5248977}]}]}
{"op":"mcm","clk":"7708698442","pt":1539402160270,"mc":[{"id":"1.149475734","rc":[{"ltp":1.53,"id":5248977}]}]}
{"op":"mcm","clk":"7708767932","pt":1539403159959,"mc":[{"id":"1.149475734","rc":[{"ltp":1.55,"id":5248977}]}]}
{"op":"mcm","clk":"7708793858","pt":1539403332902,"mc":[{"id":"1.149475734","rc":[{"ltp":1.53,"id":5248977}]}]}
{"op":"mcm","clk":"7708845231","pt":1539403969097,"mc":[{"id":"1.149475734","rc":[{"ltp":1.55,"id":5248977}]}]}
{"op":"mcm","clk":"7708910589","pt":1539404661251,"mc":[{"id":"1.149475734","rc":[{"ltp":1.54,"id":5248977}]}]}
{"op":"mcm","clk":"7708914719","pt":1539404719987,"mc":[{"id":"1.149475734","rc":[{"ltp":2.84,"id":8244521}]}]}
{"op":"mcm","clk":"7708923230","pt":1539404840127,"mc":[{"id":"1.149475734","rc":[{"ltp":1.6,"id":5248977},{"ltp":2.7,"id":8244521}]}]}
{"op":"mcm","clk":"7708929219","pt":1539404927804,"mc":[{"id":"1.149475734","rc":[{"ltp":1.59,"id":5248977}]}]}
{"op":"mcm","clk":"7708934781","pt":1539405005380,"mc":[{"id":"1.149475734","rc":[{"ltp":2.74,"id":8244521}]}]}
{"op":"mcm","clk":"7708965513","pt":1539405282656,"mc":[{"id":"1.149475734","rc":[{"ltp":1.56,"id":5248977}]}]}
{"op":"mcm","clk":"7708980497","pt":1539405498076,"mc":[{"id":"1.149475734","rc":[{"ltp":1.55,"id":5248977}]}]}
{"op":"mcm","clk":"7708985082","pt":1539405561269,"mc":[{"id":"1.149475734","rc":[{"ltp":1.58,"id":5248977},{"ltp":2.7,"id":8244521}]}]}
{"op":"mcm","clk":"7709002811","pt":1539405798082,"mc":[{"id":"1.149475734","rc":[{"ltp":1.6,"id":5248977},{"ltp":2.66,"id":8244521}]}]}
{"op":"mcm","clk":"7709006737","pt":1539405855988,"mc":[{"id":"1.149475734","rc":[{"ltp":1.59,"id":5248977}]}]}
{"op":"mcm","clk":"7709015457","pt":1539405981704,"mc":[{"id":"1.149475734","rc":[{"ltp":2.7,"id":8244521}]}]}
{"op":"mcm","clk":"7709030334","pt":1539406041675,"mc":[{"id":"1.149475734","rc":[{"ltp":2.68,"id":8244521}]}]}
{"op":"mcm","clk":"7709034419","pt":1539406098970,"mc":[{"id":"1.149475734","rc":[{"ltp":1.6,"id":5248977}]}]}
{"op":"mcm","clk":"7709038757","pt":1539406155885,"mc":[{"id":"1.149475734","rc":[{"ltp":1.59,"id":5248977}]}]}
{"op":"mcm","clk":"7709045136","pt":1539406219485,"mc":[{"id":"1.149475734","marketDefinition":{"bspMarket":false,"turnInPlayEnabled":true,"persistenceEnabled":true,"marketBaseRate":5.0,"eventId":"28952613","eventTypeId":"2","numberOfWinners":1,"bettingType":"ODDS","marketType":"MATCH_ODDS","marketTime":"2018-10-13T04:44:00.000Z","suspendTime":"2018-10-13T04:44:00.000Z","bspReconciled":false,"complete":true,"inPlay":false,"crossMatching":true,"runnersVoidable":false,"numberOfActiveRunners":2,"betDelay":0,"status":"OPEN","runners":[{"status":"ACTIVE","sortPriority":1,"id":8244521,"name":"Su-Wei Hsieh"},{"status":"ACTIVE","sortPriority":2,"id":5248977,"name":"Caroline Garcia"}],"regulators":["MR_INT"],"countryCode":"CN","discountAllowed":true,"timezone":"UTC","openDate":"2018-10-13T04:44:00.000Z","version":2452062892,"name":"Match Odds","eventName":"Hsieh v Garcia"},"rc":[{"ltp":1.61,"id":5248977}]}]}
{"op":"mcm","clk":"7709050030","pt":1539406277965,"mc":[{"id":"1.149475734","rc":[{"ltp":1.6,"id":5248977}]}]}
{"op":"mcm","clk":"7709055341","pt":1539406341266,"mc":[{"id":"1.149475734","rc":[{"ltp":1.61,"id":5248977},{"ltp":2.66,"id":8244521}]}]}
{"op":"mcm","clk":"7709059120","pt":1539406386698,"mc":[{"id":"1.149475734","rc":[{"ltp":1.6,"id":5248977}]}]}
{"op":"mcm","clk":"7709064655","pt":1539406460564,"mc":[{"id":"1.149475734","rc":[{"ltp":1.61,"id":5248977},{"ltp":2.64,"id":8244521}]}]}
{"op":"mcm","clk":"7709068341","pt":1539406510468,"mc":[{"id":"1.149475734","rc":[{"ltp":1.6,"id":5248977}]}]}
{"op":"mcm","clk":"7709073750","pt":1539406581607,"mc":[{"id":"1.149475734","rc":[{"ltp":1.62,"id":5248977},{"ltp":2.62,"id":8244521}]}]}
{"op":"mcm","clk":"7709077696","pt":1539406636844,"mc":[{"id":"1.149475734","rc":[{"ltp":2.6,"id":8244521}]}]}
{"op":"mcm","clk":"7709086558","pt":1539406760652,"mc":[{"id":"1.149475734","rc":[{"ltp":1.61,"id":5248977}]}]}
{"op":"mcm","clk":"7709090630","pt":1539406814386,"mc":[{"id":"1.149475734","rc":[{"ltp":1.6,"id":5248977},{"ltp":2.66,"id":8244521}]}]}
{"op":"mcm","clk":"7709110505","pt":1539406933780,"mc":[{"id":"1.149475734","rc":[{"ltp":1.58,"id":5248977},{"ltp":2.72,"id":8244521}]}]}
{"op":"mcm","clk":"7709116131","pt":1539407000286,"mc":[{"id":"1.149475734","rc":[{"ltp":1.6,"id":5248977}]}]}
{"op":"mcm","clk":"7709120143","pt":1539407061079,"mc":[{"id":"1.149475734","rc":[{"ltp":2.68,"id":8244521}]}]}
{"op":"mcm","clk":"7709124006","pt":1539407119373,"mc":[{"id":"1.149475734","rc":[{"ltp":1.59,"id":5248977}]}]}
{"op":"mcm","clk":"7709130597","pt":1539407221822,"mc":[{"id":"1.149475734","rc":[{"ltp":1.58,"id":5248977}]}]}
{"op":"mcm","clk":"7709145285","pt":1539407421506,"mc":[{"id":"1.149475734","marketDefinition":{"bspMarket":false,"turnInPlayEnabled":true,"persistenceEnabled":true,"marketBaseRate":5.0,"eventId":"28952613","eventTypeId":"2","numberOfWinners":1,"bettingType":"ODDS","marketType":"MATCH_ODDS","marketTime":"2018-10-13T04:44:00.000Z","suspendTime":"2018-10-13T04:44:00.000Z","bspReconciled":false,"complete":true,"inPlay":true,"crossMatching":true,"runnersVoidable":false,"numberOfActiveRunners":2,"betDelay":5,"status":"OPEN","runners":[{"status":"ACTIVE","sortPriority":1,"id":8244521,"name":"Su-Wei Hsieh"},{"status":"ACTIVE","sortPriority":2,"id":5248977,"name":"Caroline Garcia"}],"regulators":["MR_INT"],"countryCode":"CN","discountAllowed":true,"timezone":"UTC","openDate":"2018-10-13T04:44:00.000Z","version":2452077213,"name":"Match Odds","eventName":"Hsieh v Garcia"}}]}
{"op":"mcm","clk":"7709150045","pt":1539407481604,"mc":[{"id":"1.149475734","rc":[{"ltp":1.48,"id":5248977},{"ltp":3.05,"id":8244521}]}]}
{"op":"mcm","clk":"7709154852","pt":1539407540838,"mc":[{"id":"1.149475734","rc":[{"ltp":1.43,"id":5248977},{"ltp":3.25,"id":8244521}]}]}
{"op":"mcm","clk":"7709159956","pt":1539407601448,"mc":[{"id":"1.149475734","rc":[{"ltp":1.36,"id":5248977},{"ltp":3.7,"id":8244521}]}]}
{"op":"mcm","clk":"7709165169","pt":1539407661510,"mc":[{"id":"1.149475734","rc":[{"ltp":1.4,"id":5248977},{"ltp":3.4,"id":8244521}]}]}
{"op":"mcm","clk":"7709170405","pt":1539407721571,"mc":[{"id":"1.149475734","rc":[{"ltp":3.5,"id":8244521}]}]}
{"op":"mcm","clk":"7709175727","pt":1539407781531,"mc":[{"id":"1.149475734","rc":[{"ltp":1.48,"id":5248977},{"ltp":3.05,"id":8244521}]}]}
{"op":"mcm","clk":"7709191180","pt":1539407841648,"mc":[{"id":"1.149475734","rc":[{"ltp":1.55,"id":5248977},{"ltp":2.8,"id":8244521}]}]}
{"op":"mcm","clk":"7709195994","pt":1539407901359,"mc":[{"id":"1.149475734","rc":[{"ltp":1.6,"id":5248977},{"ltp":2.66,"id":8244521}]}]}
{"op":"mcm","clk":"7709200970","pt":1539407961486,"mc":[{"id":"1.149475734","rc":[{"ltp":1.68,"id":5248977},{"ltp":2.44,"id":8244521}]}]}
{"op":"mcm","clk":"7709206606","pt":1539408021492,"mc":[{"id":"1.149475734","rc":[{"ltp":1.75,"id":5248977},{"ltp":2.3,"id":8244521}]}]}
{"op":"mcm","clk":"7709211980","pt":1539408081146,"mc":[{"id":"1.149475734","rc":[{"ltp":1.53,"id":5248977},{"ltp":2.88,"id":8244521}]}]}
{"op":"mcm","clk":"7709217584","pt":1539408141315,"mc":[{"id":"1.149475734","rc":[{"ltp":1.72,"id":5248977},{"ltp":2.52,"id":8244521}]}]}
{"op":"mcm","clk":"7709223362","pt":1539408201588,"mc":[{"id":"1.149475734","rc":[{"ltp":1.7,"id":5248977},{"ltp":2.44,"id":8244521}]}]}
{"op":"mcm","clk":"7709228762","pt":1539408259856,"mc":[{"id":"1.149475734","rc":[{"ltp":1.69,"id":5248977},{"ltp":2.42,"id":8244521}]}]}
{"op":"mcm","clk":"7709233622","pt":1539408321260,"mc":[{"id":"1.149475734","rc":[{"ltp":1.64,"id":5248977},{"ltp":2.56,"id":8244521}]}]}
{"op":"mcm","clk":"7709242962","pt":1539408441664,"mc":[{"id":"1.149475734","rc":[{"ltp":2.54,"id":8244521}]}]}
{"op":"mcm","clk":"7709247796","pt":1539408501693,"mc":[{"id":"1.149475734","rc":[{"ltp":1.55,"id":5248977},{"ltp":2.86,"id":8244521}]}]}
{"op":"mcm","clk":"7709252680","pt":1539408560693,"mc":[{"id":"1.149475734","rc":[{"ltp":1.61,"id":5248977},{"ltp":2.6,"id":8244521}]}]}
{"op":"mcm","clk":"7709258330","pt":1539408621569,"mc":[{"id":"1.149475734","rc":[{"ltp":1.65,"id":5248977},{"ltp":2.52,"id":8244521}]}]}
{"op":"mcm","clk":"7709263719","pt":1539408681534,"mc":[{"id":"1.149475734","rc":[{"ltp":1.64,"id":5248977},{"ltp":2.84,"id":8244521}]}]}
{"op":"mcm","clk":"7709280320","pt":1539408741515,"mc":[{"id":"1.149475734","rc":[{"ltp":1.61,"id":5248977},{"ltp":2.64,"id":8244521}]}]}
{"op":"mcm","clk":"7709287055","pt":1539408801428,"mc":[{"id":"1.149475734","rc":[{"ltp":1.71,"id":5248977},{"ltp":2.4,"id":8244521}]}]}
{"op":"mcm","clk":"7709298111","pt":1539408921492,"mc":[{"id":"1.149475734","rc":[{"ltp":1.82,"id":5248977},{"ltp":2.22,"id":8244521}]}]}
{"op":"mcm","clk":"7709303854","pt":1539408981232,"mc":[{"id":"1.149475734","rc":[{"ltp":1.65,"id":5248977},{"ltp":2.52,"id":8244521}]}]}
{"op":"mcm","clk":"7709309649","pt":1539409041089,"mc":[{"id":"1.149475734","rc":[{"ltp":1.67,"id":5248977}]}]}
{"op":"mcm","clk":"7709315581","pt":1539409101693,"mc":[{"id":"1.149475734","rc":[{"ltp":1.77,"id":5248977},{"ltp":2.3,"id":8244521}]}]}
{"op":"mcm","clk":"7709321254","pt":1539409161287,"mc":[{"id":"1.149475734","rc":[{"ltp":1.65,"id":5248977},{"ltp":2.5,"id":8244521}]}]}
{"op":"mcm","clk":"7709326769","pt":1539409221629,"mc":[{"id":"1.149475734","rc":[{"ltp":1.58,"id":5248977},{"ltp":2.72,"id":8244521}]}]}
{"op":"mcm","clk":"7709332463","pt":1539409281676,"mc":[{"id":"1.149475734","rc":[{"ltp":1.36,"id":5248977},{"ltp":3.75,"id":8244521}]}]}
{"op":"mcm","clk":"7709337544","pt":1539409341103,"mc":[{"id":"1.149475734","rc":[{"ltp":1.31,"id":5248977}]}]}
{"op":"mcm","clk":"7709342998","pt":1539409401671,"mc":[{"id":"1.149475734","rc":[{"ltp":4.3,"id":8244521}]}]}
{"op":"mcm","clk":"7709348177","pt":1539409461492,"mc":[{"id":"1.149475734","rc":[{"ltp":4.2,"id":8244521}]}]}
{"op":"mcm","clk":"7709353142","pt":1539409521511,"mc":[{"id":"1.149475734","rc":[{"ltp":1.37,"id":5248977},{"ltp":3.7,"id":8244521}]}]}
{"op":"mcm","clk":"7709358694","pt":1539409581255,"mc":[{"id":"1.149475734","rc":[{"ltp":1.27,"id":5248977},{"ltp":4.4,"id":8244521}]}]}
{"op":"mcm","clk":"7709374591","pt":1539409641664,"mc":[{"id":"1.149475734","rc":[{"ltp":1.23,"id":5248977},{"ltp":5.3,"id":8244521}]}]}
{"op":"mcm","clk":"7709379719","pt":1539409701540,"mc":[{"id":"1.149475734","rc":[{"ltp":1.31,"id":5248977},{"ltp":4.1,"id":8244521}]}]}
{"op":"mcm","clk":"7709384980","pt":1539409761708,"mc":[{"id":"1.149475734","rc":[{"ltp":1.43,"id":5248977},{"ltp":3.3,"id":8244521}]}]}
{"op":"mcm","clk":"7709389901","pt":1539409821703,"mc":[{"id":"1.149475734","rc":[{"ltp":1.28,"id":5248977},{"ltp":3.9,"id":8244521}]}]}
{"op":"mcm","clk":"7709394690","pt":1539409881676,"mc":[{"id":"1.149475734","rc":[{"ltp":1.23,"id":5248977},{"ltp":5.5,"id":8244521}]}]}
{"op":"mcm","clk":"7709399547","pt":1539409941479,"mc":[{"id":"1.149475734","rc":[{"ltp":1.22,"id":5248977}]}]}
{"op":"mcm","clk":"7709404721","pt":1539409999858,"mc":[{"id":"1.149475734","rc":[{"ltp":1.26,"id":5248977},{"ltp":4.7,"id":8244521}]}]}
{"op":"mcm","clk":"7709409436","pt":1539410061714,"mc":[{"id":"1.149475734","rc":[{"ltp":1.22,"id":5248977},{"ltp":5.1,"id":8244521}]}]}
{"op":"mcm","clk":"7709414362","pt":1539410121717,"mc":[{"id":"1.149475734","rc":[{"ltp":1.15,"id":5248977},{"ltp":7.6,"id":8244521}]}]}
{"op":"mcm","clk":"7709419651","pt":1539410180946,"mc":[{"id":"1.149475734","rc":[{"ltp":1.16,"id":5248977}]}]}
{"op":"mcm","clk":"7709424936","pt":1539410241429,"mc":[{"id":"1.149475734","rc":[{"ltp":1.14,"id":5248977},{"ltp":8.0,"id":8244521}]}]}
{"op":"mcm","clk":"7709430181","pt":1539410299203,"mc":[{"id":"1.149475734","rc":[{"ltp":1.15,"id":5248977},{"ltp":7.6,"id":8244521}]}]}
{"op":"mcm","clk":"7709435420","pt":1539410361141,"mc":[{"id":"1.149475734","rc":[{"ltp":1.12,"id":5248977},{"ltp":8.2,"id":8244521}]}]}
{"op":"mcm","clk":"7709441317","pt":1539410421242,"mc":[{"id":"1.149475734","rc":[{"ltp":1.13,"id":5248977},{"ltp":8.6,"id":8244521}]}]}
{"op":"mcm","clk":"7709446522","pt":1539410481703,"mc":[{"id":"1.149475734","rc":[{"ltp":1.12,"id":5248977}]}]}
{"op":"mcm","clk":"7709462403","pt":1539410541615,"mc":[{"id":"1.149475734","rc":[{"ltp":1.1,"id":5248977},{"ltp":11.0,"id":8244521}]}]}
{"op":"mcm","clk":"7709468214","pt":1539410601080,"mc":[{"id":"1.149475734","rc":[{"ltp":1.08,"id":5248977},{"ltp":12.0,"id":8244521}]}]}
{"op":"mcm","clk":"7709473863","pt":1539410661267,"mc":[{"id":"1.149475734","rc":[{"ltp":12.5,"id":8244521}]}]}
{"op":"mcm","clk":"7709479221","pt":1539410721472,"mc":[{"id":"1.149475734","rc":[{"ltp":1.12,"id":5248977},{"ltp":11.0,"id":8244521}]}]}
{"op":"mcm","clk":"7709484237","pt":1539410781662,"mc":[{"id":"1.149475734","rc":[{"ltp":1.16,"id":5248977},{"ltp":7.2,"id":8244521}]}]}
{"op":"mcm","clk":"7709489521","pt":1539410841599,"mc":[{"id":"1.149475734","rc":[{"ltp":1.13,"id":5248977},{"ltp":8.0,"id":8244521}]}]}
{"op":"mcm","clk":"7709495292","pt":1539410901561,"mc":[{"id":"1.149475734","rc":[{"ltp":1.11,"id":5248977},{"ltp":10.0,"id":8244521}]}]}
{"op":"mcm","clk":"7709500922","pt":1539410961581,"mc":[{"id":"1.149475734","rc":[{"ltp":1.13,"id":5248977},{"ltp":8.6,"id":8244521}]}]}
{"op":"mcm","clk":"7709506497","pt":1539411021629,"mc":[{"id":"1.149475734","rc":[{"ltp":1.11,"id":5248977}]}]}
{"op":"mcm","clk":"7709511513","pt":1539411080725,"mc":[{"id":"1.149475734","rc":[{"ltp":10.0,"id":8244521}]}]}
{"op":"mcm","clk":"7709516811","pt":1539411141614,"mc":[{"id":"1.149475734","rc":[{"ltp":1.13,"id":5248977},{"ltp":9.0,"id":8244521}]}]}
{"op":"mcm","clk":"7709522637","pt":1539411201580,"mc":[{"id":"1.149475734","rc":[{"ltp":1.12,"id":5248977},{"ltp":9.6,"id":8244521}]}]}
{"op":"mcm","clk":"7709528319","pt":1539411260698,"mc":[{"id":"1.149475734","rc":[{"ltp":1.06,"id":5248977},{"ltp":13.5,"id":8244521}]}]}
{"op":"mcm","clk":"7709534107","pt":1539411320951,"mc":[{"id":"1.149475734","rc":[{"ltp":1.04,"id":5248977},{"ltp":21.0,"id":8244521}]}]}
{"op":"mcm","clk":"7709540038","pt":1539411380880,"mc":[{"id":"1.149475734","rc":[{"ltp":1.03,"id":5248977},{"ltp":34.0,"id":8244521}]}]}
{"op":"mcm","clk":"7709556354","pt":1539411440071,"mc":[{"id":"1.149475734","rc":[{"ltp":1.02,"id":5248977},{"ltp":50.0,"id":8244521}]}]}
{"op":"mcm","clk":"7709561737","pt":1539411500633,"mc":[{"id":"1.149475734","rc":[{"ltp":1.03,"id":5248977},{"ltp":34.0,"id":8244521}]}]}
{"op":"mcm","clk":"7709567243","pt":1539411561671,"mc":[{"id":"1.149475734","rc":[{"ltp":1.02,"id":5248977},{"ltp":55.0,"id":8244521}]}]}
{"op":"mcm","clk":"7709578202","pt":1539411677847,"mc":[{"id":"1.149475734","rc":[{"ltp":1.01,"id":5248977},{"ltp":100.0,"id":8244521}]}]}
{"op":"mcm","clk":"7709583770","pt":1539411741315,"mc":[{"id":"1.149475734","rc":[{"ltp":200.0,"id":8244521}]}]}
{"op":"mcm","clk":"7709588389","pt":1539411801008,"mc":[{"id":"1.149475734","rc":[{"ltp":100.0,"id":8244521}]}]}
{"op":"mcm","clk":"7709598195","pt":1539411917111,"mc":[{"id":"1.149475734","rc":[{"ltp":65.0,"id":8244521}]}]}
{"op":"mcm","clk":"7709604295","pt":1539411979948,"mc":[{"id":"1.149475734","rc":[{"ltp":1.02,"id":5248977}]}]}
{"op":"mcm","clk":"7709610166","pt":1539412041702,"mc":[{"id":"1.149475734","rc":[{"ltp":100.0,"id":8244521}]}]}
{"op":"mcm","clk":"7709615793","pt":1539412101261,"mc":[{"id":"1.149475734","rc":[{"ltp":50.0,"id":8244521}]}]}
{"op":"mcm","clk":"7709632476","pt":1539412280679,"mc":[{"id":"1.149475734","rc":[{"ltp":55.0,"id":8244521}]}]}
{"op":"mcm","clk":"7709649259","pt":1539412341713,"mc":[{"id":"1.149475734","rc":[{"ltp":50.0,"id":8244521}]}]}
{"op":"mcm","clk":"7709655417","pt":1539412401516,"mc":[{"id":"1.149475734","rc":[{"ltp":1.05,"id":5248977},{"ltp":17.5,"id":8244521}]}]}
{"op":"mcm","clk":"7709661137","pt":1539412461702,"mc":[{"id":"1.149475734","rc":[{"ltp":1.09,"id":5248977},{"ltp":12.0,"id":8244521}]}]}
{"op":"mcm","clk":"7709666850","pt":1539412520986,"mc":[{"id":"1.149475734","rc":[{"ltp":1.07,"id":5248977},{"ltp":15.0,"id":8244521}]}]}
{"op":"mcm","clk":"7709672879","pt":1539412581557,"mc":[{"id":"1.149475734","rc":[{"ltp":1.11,"id":5248977},{"ltp":9.4,"id":8244521}]}]}
{"op":"mcm","clk":"7709678752","pt":1539412641651,"mc":[{"id":"1.149475734","rc":[{"ltp":1.12,"id":5248977},{"ltp":9.2,"id":8244521}]}]}
{"op":"mcm","clk":"7709684570","pt":1539412700553,"mc":[{"id":"1.149475734","rc":[{"ltp":9.8,"id":8244521}]}]}
{"op":"mcm","clk":"7709690748","pt":1539412761109,"mc":[{"id":"1.149475734","rc":[{"ltp":1.17,"id":5248977},{"ltp":7.2,"id":8244521}]}]}
{"op":"mcm","clk":"7709696623","pt":1539412821595,"mc":[{"id":"1.149475734","rc":[{"ltp":1.12,"id":5248977},{"ltp":9.8,"id":8244521}]}]}
{"op":"mcm","clk":"7709702416","pt":1539412881655,"mc":[{"id":"1.149475734","rc":[{"ltp":1.06,"id":5248977},{"ltp":19.5,"id":8244521}]}]}
{"op":"mcm","clk":"7709708399","pt":1539412941602,"mc":[{"id":"1.149475734","rc":[{"ltp":10.5,"id":8244521}]}]}
{"op":"mcm","clk":"7709713341","pt":1539412993671,"mc":[{"id":"1.149475734","marketDefinition":{"bspMarket":false,"turnInPlayEnabled":true,"persistenceEnabled":true,"marketBaseRate":5.0,"eventId":"28952613","eventTypeId":"2","numberOfWinners":1,"bettingType":"ODDS","marketType":"MATCH_ODDS","marketTime":"2018-10-13T04:44:00.000Z","suspendTime":"2018-10-13T04:44:00.000Z","bspReconciled":false,"complete":true,"inPlay":true,"crossMatching":true,"runnersVoidable":false,"numberOfActiveRunners":2,"betDelay":5,"status":"SUSPENDED","runners":[{"status":"ACTIVE","sortPriority":1,"id":8244521,"name":"Su-Wei Hsieh"},{"status":"ACTIVE","sortPriority":2,"id":5248977,"name":"Caroline Garcia"}],"regulators":["MR_INT"],"countryCode":"CN","discountAllowed":true,"timezone":"UTC","openDate":"2018-10-13T04:44:00.000Z","version":2452142994,"name":"Match Odds","eventName":"Hsieh v Garcia"},"rc":[{"ltp":21.0,"id":8244521}]}]}
{"op":"mcm","clk":"7709715459","pt":1539413016072,"mc":[{"id":"1.149475734","marketDefinition":{"bspMarket":false,"turnInPlayEnabled":true,"persistenceEnabled":true,"marketBaseRate":5.0,"eventId":"28952613","eventTypeId":"2","numberOfWinners":1,"bettingType":"ODDS","marketType":"MATCH_ODDS","marketTime":"2018-10-13T04:44:00.000Z","suspendTime":"2018-10-13T04:44:00.000Z","bspReconciled":false,"complete":true,"inPlay":true,"crossMatching":false,"runnersVoidable":false,"numberOfActiveRunners":0,"betDelay":5,"status":"CLOSED","settledTime":"2018-10-13T06:43:12.000Z","runners":[{"status":"LOSER","sortPriority":1,"id":8244521,"name":"Su-Wei Hsieh"},{"status":"WINNER","sortPriority":2,"id":5248977,"name":"Caroline Garcia"}],"regulators":["MR_INT"],"countryCode":"CN","discountAllowed":true,"timezone":"UTC","openDate":"2018-10-13T04:44:00.000Z","version":2452143847,"name":"Match Odds","eventName":"Hsieh v Garcia"}}]}
