{"op":"mcm","clk":"7636403159","pt":1538655593400,"mc":[{"id":"1.149083318","marketDefinition":{"bspMarket":false,"turnInPlayEnabled":true,"persistenceEnabled":true,"marketBaseRate":5.0,"eventId":"28938444","eventTypeId":"2","numberOfWinners":1,"bettingType":"ODDS","marketType":"MATCH_ODDS","marketTime":"2018-10-05T11:00:00.000Z","suspendTime":"2018-10-05T11:00:00.000Z","bspReconciled":false,"complete":true,"inPlay":false,"crossMatching":true,"runnersVoidable":false,"numberOfActiveRunners":2,"betDelay":0,"status":"OPEN","runners":[{"status":"ACTIVE","sortPriority":1,"id":2249399,"name":"Richard Gasquet"},{"status":"ACTIVE","sortPriority":2,"id":2519549,"name":"Kevin Anderson"}],"regulators":["MR_INT"],"countryCode":"JP","discountAllowed":true,"timezone":"UTC","openDate":"2018-10-05T11:00:00.000Z","version":2436735652,"name":"Match Odds","eventName":"Gasquet v Anderson"}}]}
{"op":"mcm","clk":"7637155506","pt":1538661813219,"mc":[{"id":"1.149083318","rc":[{"ltp":1.81,"id":2519549}]}]}
{"op":"mcm","clk":"7637530619","pt":1538665155635,"mc":[{"id":"1.149083318","rc":[{"ltp":2.34,"id":2249399},{"ltp":1.74,"id":2519549}]}]}
{"op":"mcm","clk":"7637912540","pt":1538668226137,"mc":[{"id":"1.149083318","rc":[{"ltp":1.72,"id":2519549}]}]}
{"op":"mcm","clk":"7638013163","pt":1538669056648,"mc":[{"id":"1.149083318","rc":[{"ltp":2.26,"id":2249399},{"ltp":1.78,"id":2519549}]}]}
{"op":"mcm","clk":"7638156434","pt":1538670141661,"mc":[{"id":"1.149083318","rc":[{"ltp":1.75,"id":2519549}]}]}
{"op":"mcm","clk":"7638163067","pt":1538670203812,"mc":[{"id":"1.149083318","rc":[{"ltp":2.34,"id":2249399},{"ltp":1.74,"id":2519549}]}]}
{"op":"mcm","clk":"7638201852","pt":1538670580298,"mc":[{"id":"1.149083318","rc":[{"ltp":1.73,"id":2519549}]}]}
{"op":"mcm","clk":"7638263208","pt":1538671025665,"mc":[{"id":"1.149083318","rc":[{"ltp":1.77,"id":2519549}]}]}
{"op":"mcm","clk":"7638281341","pt":1538671202887,"mc":[{"id":"1.149083318","rc":[{"ltp":1.73,"id":2519549}]}]}
{"op":"mcm","clk":"7638781804","pt":1538674862152,"mc":[{"id":"1.149083318","rc":[{"ltp":1.74,"id":2519549}]}]}
{"op":"mcm","clk":"7638793554","pt":1538674951252,"mc":[{"id":"1.149083318","rc":[{"ltp":2.3,"id":2249399}]}]}
{"op":"mcm","clk":"7638850157","pt":1538675268866,"mc":[{"id":"1.149083318","rc":[{"ltp":1.75,"id":2519549}]}]}
{"op":"mcm","clk":"7638901451","pt":1538675789821,"mc":[{"id":"1.149083318","rc":[{"ltp":2.28,"id":2249399}]}]}
{"op":"mcm","clk":"7638928086","pt":1538676019580,"mc":[{"id":"1.149083318","rc":[{"ltp":1.77,"id":2519549}]}]}
{"op":"mcm","clk":"7639186291","pt":1538677701788,"mc":[{"id":"1.149083318","rc":[{"ltp":1.76,"id":2519549}]}]}
{"op":"mcm","clk":"7639254844","pt":1538678055449,"mc":[{"id":"1.149083318","rc":[{"ltp":2.3,"id":2249399}]}]}
{"op":"mcm","clk":"7639420337","pt":1538679151480,"mc":[{"id":"1.149083318","rc":[{"ltp":1.79,"id":2519549}]}]}
{"op":"mcm","clk":"7639575286","pt":1538680231315,"mc":[{"id":"1.149083318","rc":[{"ltp":2.26,"id":2249399}]}]}
{"op":"mcm","clk":"7639592255","pt":1538680363147,"mc":[{"id":"1.149083318","rc":[{"ltp":2.3,"id":2249399},{"ltp":1.76,"id":2519549}]}]}
{"op":"mcm","clk":"7639718981","pt":1538681183018,"mc":[{"id":"1.149083318","rc":[{"ltp":1.75,"id":2519549}]}]}
{"op":"mcm","clk":"7639887426","pt":1538682329447,"mc":[{"id":"1.149083318","rc":[{"ltp":2.32,"id":2249399}]}]}
{"op":"mcm","clk":"7639977387","pt":1538682928345,"mc":[{"id":"1.149083318","rc":[{"ltp":1.74,"id":2519549}]}]}
{"op":"mcm","clk":"7639995917","pt":1538683106562,"mc":[{"id":"1.149083318","rc":[{"ltp":1.75,"id":2519549}]}]}
{"op":"mcm","clk":"7640120615","pt":1538684057184,"mc":[{"id":"1.149083318","rc":[{"ltp":2.3,"id":2249399},{"ltp":1.76,"id":2519549}]}]}
{"op":"mcm","clk":"7640255134","pt":1538685081415,"mc":[{"id":"1.149083318","rc":[{"ltp":2.28,"id":2249399},{"ltp":1.78,"id":2519549}]}]}
{"op":"mcm","clk":"7640285486","pt":1538685211848,"mc":[{"id":"1.149083318","rc":[{"ltp":1.75,"id":2519549}]}]}
{"op":"mcm","clk":"7640291610","pt":1538685269769,"mc":[{"id":"1.149083318","rc":[{"ltp":1.76,"id":2519549}]}]}
{"op":"mcm","clk":"7640312461","pt":1538685451358,"mc":[{"id":"1.149083318","rc":[{"ltp":1.78,"id":2519549}]}]}
{"op":"mcm","clk":"7640395185","pt":1538686092343,"mc":[{"id":"1.149083318","rc":[{"ltp":2.26,"id":2249399},{"ltp":1.79,"id":2519549}]}]}
{"op":"mcm","clk":"7640434150","pt":1538686591806,"mc":[{"id":"1.149083318","rc":[{"ltp":1.77,"id":2519549}]}]}
{"op":"mcm","clk":"7640450736","pt":1538686832422,"mc":[{"id":"1.149083318","rc":[{"ltp":1.76,"id":2519549}]}]}
{"op":"mcm","clk":"7640454794","pt":1538686890497,"mc":[{"id":"1.149083318","rc":[{"ltp":2.28,"id":2249399}]}]}
{"op":"mcm","clk":"7640474880","pt":1538686950734,"mc":[{"id":"1.149083318","rc":[{"ltp":2.26,"id":2249399},{"ltp":1.79,"id":2519549}]}]}
{"op":"mcm","clk":"7640518590","pt":1538687612913,"mc":[{"id":"1.149083318","rc":[{"ltp":2.28,"id":2249399}]}]}
{"op":"mcm","clk":"7640522407","pt":1538687672498,"mc":[{"id":"1.149083318","rc":[{"ltp":1.78,"id":2519549}]}]}
{"op":"mcm","clk":"7640530823","pt":1538687791455,"mc":[{"id":"1.149083318","rc":[{"ltp":2.26,"id":2249399},{"ltp":1.79,"id":2519549}]}]}
{"op":"mcm","clk":"7640730219","pt":1538690050506,"mc":[{"id":"1.149083318","rc":[{"ltp":1.81,"id":2519549}]}]}
{"op":"mcm","clk":"7640739998","pt":1538690205513,"mc":[{"id":"1.149083318","rc":[{"ltp":1.8,"id":2519549}]}]}
{"op":"mcm","clk":"7640797424","pt":1538690852911,"mc":[{"id":"1.149083318","rc":[{"ltp":2.22,"id":2249399},{"ltp":1.81,"id":2519549}]}]}
{"op":"mcm","clk":"7640822732","pt":1538691258285,"mc":[{"id":"1.149083318","rc":[{"ltp":2.2,"id":2249399},{"ltp":1.83,"id":2519549}]}]}
{"op":"mcm","clk":"7640865608","pt":1538691680510,"mc":[{"id":"1.149083318","rc":[{"ltp":2.18,"id":2249399},{"ltp":1.84,"id":2519549}]}]}
{"op":"mcm","clk":"7640886699","pt":1538692032368,"mc":[{"id":"1.149083318","rc":[{"ltp":1.85,"id":2519549}]}]}
{"op":"mcm","clk":"7640950370","pt":1538692765746,"mc":[{"id":"1.149083318","rc":[{"ltp":1.84,"id":2519549}]}]}
{"op":"mcm","clk":"7641018579","pt":1538693595076,"mc":[{"id":"1.149083318","rc":[{"ltp":2.16,"id":2249399}]}]}
{"op":"mcm","clk":"7641245666","pt":1538696492618,"mc":[{"id":"1.149083318","rc":[{"ltp":2.2,"id":2249399},{"ltp":1.83,"id":2519549}]}]}
{"op":"mcm","clk":"7641261934","pt":1538696725776,"mc":[{"id":"1.149083318","rc":[{"ltp":2.18,"id":2249399}]}]}
{"op":"mcm","clk":"7641312036","pt":1538697251132,"mc":[{"id":"1.149083318","rc":[{"ltp":2.2,"id":2249399}]}]}
{"op":"mcm","clk":"7641759558","pt":1538702791087,"mc":[{"id":"1.149083318","rc":[{"ltp":2.18,"id":2249399}]}]}
{"op":"mcm","clk":"7642046023","pt":1538706501886,"mc":[{"id":"1.149083318","rc":[{"ltp":2.2,"id":2249399}]}]}
{"op":"mcm","clk":"7642051432","pt":1538706584409,"mc":[{"id":"1.149083318","rc":[{"ltp":1.82,"id":2519549}]}]}
{"op":"mcm","clk":"7642115873","pt":1538707308742,"mc":[{"id":"1.149083318","rc":[{"ltp":1.81,"id":2519549}]}]}
{"op":"mcm","clk":"7642172570","pt":1538707991810,"mc":[{"id":"1.149083318","rc":[{"ltp":2.18,"id":2249399},{"ltp":1.82,"id":2519549}]}]}
{"op":"mcm","clk":"7642188098","pt":1538708256261,"mc":[{"id":"1.149083318","rc":[{"ltp":2.22,"id":2249399},{"ltp":1.81,"id":2519549}]}]}
{"op":"mcm","clk":"7642202408","pt":1538708523680,"mc":[{"id":"1.149083318","rc":[{"ltp":2.18,"id":2249399}]}]}
{"op":"mcm","clk":"7642734637","pt":1538715382560,"mc":[{"id":"1.149083318","rc":[{"ltp":2.22,"id":2249399}]}]}
{"op":"mcm","clk":"7642797376","pt":1538716171831,"mc":[{"id":"1.149083318","rc":[{"ltp":1.82,"id":2519549}]}]}
{"op":"mcm","clk":"7642803078","pt":1538716262188,"mc":[{"id":"1.149083318","rc":[{"ltp":1.81,"id":2519549}]}]}
{"op":"mcm","clk":"7642822336","pt":1538716511845,"mc":[{"id":"1.149083318","rc":[{"ltp":2.2,"id":2249399}]}]}
{"op":"mcm","clk":"7642861021","pt":1538716817645,"mc":[{"id":"1.149083318","rc":[{"ltp":2.22,"id":2249399}]}]}
{"op":"mcm","clk":"7642937733","pt":1538717752177,"mc":[{"id":"1.149083318","rc":[{"ltp":1.82,"id":2519549}]}]}
{"op":"mcm","clk":"7642968082","pt":1538718195350,"mc":[{"id":"1.149083318","rc":[{"ltp":2.2,"id":2249399},{"ltp":1.83,"id":2519549}]}]}
{"op":"mcm","clk":"7643006329","pt":1538718510975,"mc":[{"id":"1.149083318","rc":[{"ltp":2.18,"id":2249399},{"ltp":1.84,"id":2519549}]}]}
{"op":"mcm","clk":"7643009481","pt":1538718554596,"mc":[{"id":"1.149083318","rc":[{"ltp":2.2,"id":2249399},{"ltp":1.83,"id":2519549}]}]}
{"op":"mcm","clk":"7643298948","pt":1538721699694,"mc":[{"id":"1.149083318","rc":[{"ltp":2.18,"id":2249399}]}]}
{"op":"mcm","clk":"7643310522","pt":1538721862022,"mc":[{"id":"1.149083318","rc":[{"ltp":2.2,"id":2249399},{"ltp":1.82,"id":2519549}]}]}
{"op":"mcm","clk":"7643401950","pt":1538722819549,"mc":[{"id":"1.149083318","rc":[{"ltp":1.83,"id":2519549}]}]}
{"op":"mcm","clk":"7643427403","pt":1538722929947,"mc":[{"id":"1.149083318","rc":[{"ltp":2.22,"id":2249399}]}]}
{"op":"mcm","clk":"7643432962","pt":1538722998373,"mc":[{"id":"1.149083318","rc":[{"ltp":2.2,"id":2249399}]}]}
{"op":"mcm","clk":"7643448353","pt":1538723189732,"mc":[{"id":"1.149083318","rc":[{"ltp":1.82,"id":2519549}]}]}
{"op":"mcm","clk":"7643451903","pt":1538723235074,"mc":[{"id":"1.149083318","rc":[{"ltp":1.83,"id":2519549}]}]}
{"op":"mcm","clk":"7643467434","pt":1538723372572,"mc":[{"id":"1.149083318","rc":[{"ltp":1.82,"id":2519549}]}]}
{"op":"mcm","clk":"7643476880","pt":1538723472166,"mc":[{"id":"1.149083318","rc":[{"ltp":1.83,"id":2519549}]}]}
{"op":"mcm","clk":"7643493003","pt":1538723646469,"mc":[{"id":"1.149083318","rc":[{"ltp":1.84,"id":2519549}]}]}
{"op":"mcm","clk":"7643545386","pt":1538724092783,"mc":[{"id":"1.149083318","rc":[{"ltp":1.83,"id":2519549}]}]}
{"op":"mcm","clk":"7643558098","pt":1538724270677,"mc":[{"id":"1.149083318","rc":[{"ltp":1.84,"id":2519549}]}]}
{"op":"mcm","clk":"7643568624","pt":1538724449075,"mc":[{"id":"1.149083318","rc":[{"ltp":2.18,"id":2249399}]}]}
{"op":"mcm","clk":"7643570375","pt":1538724476044,"mc":[{"id":"1.149083318","rc":[{"ltp":1.83,"id":2519549}]}]}
{"op":"mcm","clk":"7643602748","pt":1538724733650,"mc":[{"id":"1.149083318","rc":[{"ltp":1.84,"id":2519549}]}]}
{"op":"mcm","clk":"7643629987","pt":1538725118108,"mc":[{"id":"1.149083318","rc":[{"ltp":2.2,"id":2249399}]}]}
{"op":"mcm","clk":"7643637454","pt":1538725227452,"mc":[{"id":"1.149083318","rc":[{"ltp":1.83,"id":2519549}]}]}
{"op":"mcm","clk":"7643644769","pt":1538725323715,"mc":[{"id":"1.149083318","rc":[{"ltp":1.84,"id":2519549}]}]}
{"op":"mcm","clk":"7643658639","pt":1538725513905,"mc":[{"id":"1.149083318","rc":[{"ltp":1.82,"id":2519549}]}]}
{"op":"mcm","clk":"7643742853","pt":1538726480981,"mc":[{"id":"1.149083318","rc":[{"ltp":1.84,"id":2519549}]}]}
{"op":"mcm","clk":"7643775150","pt":1538726707480,"mc":[{"id":"1.149083318","rc":[{"ltp":1.82,"id":2519549}]}]}
{"op":"mcm","clk":"7643799176","pt":1538727026124,"mc":[{"id":"1.149083318","rc":[{"ltp":1.81,"id":2519549}]}]}
{"op":"mcm","clk":"7643826713","pt":1538727391547,"mc":[{"id":"1.149083318","rc":[{"ltp":2.22,"id":2249399}]}]}
{"op":"mcm","clk":"7643860856","pt":1538727630763,"mc":[{"id":"1.149083318","rc":[{"ltp":1.82,"id":2519549}]}]}
{"op":"mcm","clk":"7643887969","pt":1538727983616,"mc":[{"id":"1.149083318","rc":[{"ltp":1.81,"id":2519549}]}]}
{"op":"mcm","clk":"7643978326","pt":1538728813481,"mc":[{"id":"1.149083318","rc":[{"ltp":1.82,"id":2519549}]}]}
{"op":"mcm","clk":"7643983503","pt":1538728877019,"mc":[{"id":"1.149083318","rc":[{"ltp":1.81,"id":2519549}]}]}
{"op":"mcm","clk":"7644006315","pt":1538729153964,"mc":[{"id":"1.149083318","rc":[{"ltp":1.82,"id":2519549}]}]}
{"op":"mcm","clk":"7644028330","pt":1538729234536,"mc":[{"id":"1.149083318","rc":[{"ltp":2.2,"id":2249399}]}]}
{"op":"mcm","clk":"7644034481","pt":1538729312895,"mc":[{"id":"1.149083318","rc":[{"ltp":2.22,"id":2249399}]}]}
{"op":"mcm","clk":"7644039146","pt":1538729365889,"mc":[{"id":"1.149083318","rc":[{"ltp":1.81,"id":2519549}]}]}
{"op":"mcm","clk":"7644061030","pt":1538729609733,"mc":[{"id":"1.149083318","rc":[{"ltp":1.82,"id":2519549}]}]}
{"op":"mcm","clk":"7644066350","pt":1538729672482,"mc":[{"id":"1.149083318","marketDefinition":{"bspMarket":false,"turnInPlayEnabled":true,"persistenceEnabled":true,"marketBaseRate":5.0,"eventId":"28938444","eventTypeId":"2","numberOfWinners":1,"bettingType":"ODDS","marketType":"MATCH_ODDS","marketTime":"2018-10-05T10:53:00.000Z","suspendTime":"2018-10-05T10:53:00.000Z","bspReconciled":false,"complete":true,"inPlay":false,"crossMatching":true,"runnersVoidable":false,"numberOfActiveRunners":2,"betDelay":0,"status":"OPEN","runners":[{"status":"ACTIVE","sortPriority":1,"id":2249399,"name":"Richard Gasquet"},{"status":"ACTIVE","sortPriority":2,"id":2519549,"name":"Kevin Anderson"}],"regulators":["MR_INT"],"countryCode":"JP","discountAllowed":true,"timezone":"UTC","openDate":"2018-10-05T10:53:00.000Z","version":2437670918,"name":"Match Odds","eventName":"Gasquet v Anderson"}}]}
{"op":"mcm","clk":"7644079668","pt":1538729846981,"mc":[{"id":"1.149083318","rc":[{"ltp":1.81,"id":2519549}]}]}
{"op":"mcm","clk":"7644124898","pt":1538730208849,"mc":[{"id":"1.149083318","rc":[{"ltp":1.8,"id":2519549}]}]}
{"op":"mcm","clk":"7644141467","pt":1538730395691,"mc":[{"id":"1.149083318","rc":[{"ltp":1.82,"id":2519549}]}]}
{"op":"mcm","clk":"7644164758","pt":1538730631834,"mc":[{"id":"1.149083318","rc":[{"ltp":1.79,"id":2519549}]}]}
{"op":"mcm","clk":"7644169689","pt":1538730688967,"mc":[{"id":"1.149083318","rc":[{"ltp":1.8,"id":2519549}]}]}
{"op":"mcm","clk":"7644174143","pt":1538730741394,"mc":[{"id":"1.149083318","rc":[{"ltp":1.82,"id":2519549}]}]}
{"op":"mcm","clk":"7644181984","pt":1538730808740,"mc":[{"id":"1.149083318","rc":[{"ltp":1.8,"id":2519549}]}]}
{"op":"mcm","clk":"7644186642","pt":1538730872770,"mc":[{"id":"1.149083318","rc":[{"ltp":2.24,"id":2249399},{"ltp":1.81,"id":2519549}]}]}
{"op":"mcm","clk":"7644234706","pt":1538731224598,"mc":[{"id":"1.149083318","rc":[{"ltp":2.22,"id":2249399},{"ltp":1.8,"id":2519549}]}]}
{"op":"mcm","clk":"7644240304","pt":1538731285894,"mc":[{"id":"1.149083318","rc":[{"ltp":2.24,"id":2249399}]}]}
{"op":"mcm","clk":"7644252965","pt":1538731410387,"mc":[{"id":"1.149083318","rc":[{"ltp":1.81,"id":2519549}]}]}
{"op":"mcm","clk":"7644346780","pt":1538732237449,"mc":[{"id":"1.149083318","rc":[{"ltp":2.22,"id":2249399}]}]}
{"op":"mcm","clk":"7644369195","pt":1538732462568,"mc":[{"id":"1.149083318","rc":[{"ltp":1.8,"id":2519549}]}]}
{"op":"mcm","clk":"7644394305","pt":1538732732577,"mc":[{"id":"1.149083318","rc":[{"ltp":1.81,"id":2519549}]}]}
{"op":"mcm","clk":"7644421298","pt":1538732849229,"mc":[{"id":"1.149083318","rc":[{"ltp":1.82,"id":2519549}]}]}
{"op":"mcm","clk":"7644432427","pt":1538732968897,"mc":[{"id":"1.149083318","rc":[{"ltp":1.81,"id":2519549}]}]}
{"op":"mcm","clk":"7644443557","pt":1538733086659,"mc":[{"id":"1.149083318","rc":[{"ltp":1.82,"id":2519549}]}]}
{"op":"mcm","clk":"7644447763","pt":1538733135240,"mc":[{"id":"1.149083318","rc":[{"ltp":2.2,"id":2249399}]}]}
{"op":"mcm","clk":"7644458306","pt":1538733261357,"mc":[{"id":"1.149083318","rc":[{"ltp":1.81,"id":2519549}]}]}
{"op":"mcm","clk":"7644480079","pt":1538733489347,"mc":[{"id":"1.149083318","rc":[{"ltp":2.24,"id":2249399},{"ltp":1.82,"id":2519549}]}]}
{"op":"mcm","clk":"7644516889","pt":1538733742870,"mc":[{"id":"1.149083318","rc":[{"ltp":1.81,"id":2519549}]}]}
{"op":"mcm","clk":"7644523452","pt":1538733808858,"mc":[{"id":"1.149083318","rc":[{"ltp":2.22,"id":2249399}]}]}
{"op":"mcm","clk":"7644532583","pt":1538733909628,"mc":[{"id":"1.149083318","rc":[{"ltp":1.82,"id":2519549}]}]}
{"op":"mcm","clk":"7644537031","pt":1538733959877,"mc":[{"id":"1.149083318","rc":[{"ltp":1.81,"id":2519549}]}]}
{"op":"mcm","clk":"7644550531","pt":1538734098326,"mc":[{"id":"1.149083318","rc":[{"ltp":1.82,"id":2519549}]}]}
{"op":"mcm","clk":"7644563917","pt":1538734230370,"mc":[{"id":"1.149083318","rc":[{"ltp":1.8,"id":2519549}]}]}
{"op":"mcm","clk":"7644573341","pt":1538734316793,"mc":[{"id":"1.149083318","rc":[{"ltp":1.82,"id":2519549}]}]}
{"op":"mcm","clk":"7644592946","pt":1538734521209,"mc":[{"id":"1.149083318","rc":[{"ltp":2.24,"id":2249399},{"ltp":1.8,"id":2519549}]}]}
{"op":"mcm","clk":"7644599811","pt":1538734588546,"mc":[{"id":"1.149083318","rc":[{"ltp":2.2,"id":2249399},{"ltp":1.82,"id":2519549}]}]}
{"op":"mcm","clk":"7644621699","pt":1538734643099,"mc":[{"id":"1.149083318","rc":[{"ltp":1.83,"id":2519549}]}]}
{"op":"mcm","clk":"7644629213","pt":1538734712972,"mc":[{"id":"1.149083318","rc":[{"ltp":2.22,"id":2249399},{"ltp":1.81,"id":2519549}]}]}
{"op":"mcm","clk":"7644634982","pt":1538734764602,"mc":[{"id":"1.149083318","rc":[{"ltp":2.24,"id":2249399},{"ltp":1.8,"id":2519549}]}]}
{"op":"mcm","clk":"7644642272","pt":1538734830126,"mc":[{"id":"1.149083318","rc":[{"ltp":1.81,"id":2519549}]}]}
{"op":"mcm","clk":"7644648672","pt":1538734892186,"mc":[{"id":"1.149083318","rc":[{"ltp":1.8,"id":2519549}]}]}
{"op":"mcm","clk":"7644662319","pt":1538735012737,"mc":[{"id":"1.149083318","rc":[{"ltp":2.28,"id":2249399},{"ltp":1.78,"id":2519549}]}]}
{"op":"mcm","clk":"7644667134","pt":1538735060631,"mc":[{"id":"1.149083318","rc":[{"ltp":1.76,"id":2519549}]}]}
{"op":"mcm","clk":"7644675720","pt":1538735131495,"mc":[{"id":"1.149083318","rc":[{"ltp":1.78,"id":2519549}]}]}
{"op":"mcm","clk":"7644682611","pt":1538735191037,"mc":[{"id":"1.149083318","rc":[{"ltp":1.77,"id":2519549}]}]}
{"op":"mcm","clk":"7644688954","pt":1538735250126,"mc":[{"id":"1.149083318","rc":[{"ltp":2.3,"id":2249399}]}]}
{"op":"mcm","clk":"7644694814","pt":1538735311148,"mc":[{"id":"1.149083318","rc":[{"ltp":1.76,"id":2519549}]}]}
{"op":"mcm","clk":"7644698954","pt":1538735354276,"mc":[{"id":"1.149083318","rc":[{"ltp":1.77,"id":2519549}]}]}
{"op":"mcm","clk":"7644707020","pt":1538735427692,"mc":[{"id":"1.149083318","rc":[{"ltp":2.28,"id":2249399}]}]}
{"op":"mcm","clk":"7644735707","pt":1538735552761,"mc":[{"id":"1.149083318","rc":[{"ltp":1.76,"id":2519549}]}]}
{"op":"mcm","clk":"7644742328","pt":1538735611590,"mc":[{"id":"1.149083318","rc":[{"ltp":1.78,"id":2519549}]}]}
{"op":"mcm","clk":"7644750185","pt":1538735672947,"mc":[{"id":"1.149083318","marketDefinition":{"bspMarket":false,"turnInPlayEnabled":true,"persistenceEnabled":true,"marketBaseRate":5.0,"eventId":"28938444","eventTypeId":"2","numberOfWinners":1,"bettingType":"ODDS","marketType":"MATCH_ODDS","marketTime":"2018-10-05T10:39:00.000Z","suspendTime":"2018-10-05T10:39:00.000Z","bspReconciled":false,"complete":true,"inPlay":false,"crossMatching":true,"runnersVoidable":false,"numberOfActiveRunners":2,"betDelay":0,"status":"OPEN","runners":[{"status":"ACTIVE","sortPriority":1,"id":2249399,"name":"Richard Gasquet"},{"status":"ACTIVE","sortPriority":2,"id":2519549,"name":"Kevin Anderson"}],"regulators":["MR_INT"],"countryCode":"JP","discountAllowed":true,"timezone":"UTC","openDate":"2018-10-05T10:39:00.000Z","version":2437734895,"name":"Match Odds","eventName":"Gasquet v Anderson"},"rc":[{"ltp":1.77,"id":2519549}]}]}
{"op":"mcm","clk":"7644757926","pt":1538735732738,"mc":[{"id":"1.149083318","rc":[{"ltp":2.24,"id":2249399},{"ltp":1.81,"id":2519549}]}]}
{"op":"mcm","clk":"7644766098","pt":1538735792957,"mc":[{"id":"1.149083318","rc":[{"ltp":2.22,"id":2249399}]}]}
{"op":"mcm","clk":"7644773801","pt":1538735852789,"mc":[{"id":"1.149083318","rc":[{"ltp":2.2,"id":2249399},{"ltp":1.83,"id":2519549}]}]}
{"op":"mcm","clk":"7644780755","pt":1538735911159,"mc":[{"id":"1.149083318","rc":[{"ltp":1.82,"id":2519549}]}]}
{"op":"mcm","clk":"7644787775","pt":1538735972740,"mc":[{"id":"1.149083318","marketDefinition":{"bspMarket":false,"turnInPlayEnabled":true,"persistenceEnabled":true,"marketBaseRate":5.0,"eventId":"28938444","eventTypeId":"2","numberOfWinners":1,"bettingType":"ODDS","marketType":"MATCH_ODDS","marketTime":"2018-10-05T10:37:00.000Z","suspendTime":"2018-10-05T10:37:00.000Z","bspReconciled":false,"complete":true,"inPlay":false,"crossMatching":true,"runnersVoidable":false,"numberOfActiveRunners":2,"betDelay":0,"status":"OPEN","runners":[{"status":"ACTIVE","sortPriority":1,"id":2249399,"name":"Richard Gasquet"},{"status":"ACTIVE","sortPriority":2,"id":2519549,"name":"Kevin Anderson"}],"regulators":["MR_INT"],"countryCode":"JP","discountAllowed":true,"timezone":"UTC","openDate":"2018-10-05T10:37:00.000Z","version":2437739127,"name":"Match Odds","eventName":"Gasquet v Anderson"},"rc":[{"ltp":1.86,"id":2519549}]}]}
{"op":"mcm","clk":"7644794905","pt":1538736031487,"mc":[{"id":"1.149083318","rc":[{"ltp":2.16,"id":2249399},{"ltp":1.85,"id":2519549}]}]}
{"op":"mcm","clk":"7644802104","pt":1538736092677,"mc":[{"id":"1.149083318","rc":[{"ltp":2.22,"id":2249399},{"ltp":1.83,"id":2519549}]}]}
{"op":"mcm","clk":"7644808630","pt":1538736152414,"mc":[{"id":"1.149083318","rc":[{"ltp":2.18,"id":2249399},{"ltp":1.84,"id":2519549}]}]}
{"op":"mcm","clk":"7644814776","pt":1538736212126,"mc":[{"id":"1.149083318","rc":[{"ltp":2.2,"id":2249399},{"ltp":1.82,"id":2519549}]}]}
{"op":"mcm","clk":"7644819757","pt":1538736272106,"mc":[{"id":"1.149083318","rc":[{"ltp":2.22,"id":2249399},{"ltp":1.83,"id":2519549}]}]}
{"op":"mcm","clk":"7644825520","pt":1538736332076,"mc":[{"id":"1.149083318","rc":[{"ltp":2.2,"id":2249399},{"ltp":1.82,"id":2519549}]}]}
{"op":"mcm","clk":"7644831219","pt":1538736392932,"mc":[{"id":"1.149083318","rc":[{"ltp":2.22,"id":2249399}]}]}
{"op":"mcm","clk":"7644853135","pt":1538736452849,"mc":[{"id":"1.149083318","rc":[{"ltp":2.2,"id":2249399}]}]}
{"op":"mcm","clk":"7644858402","pt":1538736512225,"mc":[{"id":"1.149083318","rc":[{"ltp":2.22,"id":2249399}]}]}
{"op":"mcm","clk":"7644871556","pt":1538736632612,"mc":[{"id":"1.149083318","rc":[{"ltp":2.24,"id":2249399},{"ltp":1.8,"id":2519549}]}]}
{"op":"mcm","clk":"7644890581","pt":1538736810960,"mc":[{"id":"1.149083318","rc":[{"ltp":2.16,"id":2249399},{"ltp":1.85,"id":2519549}]}]}
{"op":"mcm","clk":"7644896294","pt":1538736872320,"mc":[{"id":"1.149083318","rc":[{"ltp":2.18,"id":2249399},{"ltp":1.83,"id":2519549}]}]}
{"op":"mcm","clk":"7644901770","pt":1538736932631,"mc":[{"id":"1.149083318","rc":[{"ltp":2.2,"id":2249399}]}]}
{"op":"mcm","clk":"7644907634","pt":1538736992628,"mc":[{"id":"1.149083318","rc":[{"ltp":2.18,"id":2249399}]}]}
{"op":"mcm","clk":"7644914605","pt":1538737052853,"mc":[{"id":"1.149083318","marketDefinition":{"bspMarket":false,"turnInPlayEnabled":true,"persistenceEnabled":true,"marketBaseRate":5.0,"eventId":"28938444","eventTypeId":"2","numberOfWinners":1,"bettingType":"ODDS","marketType":"MATCH_ODDS","marketTime":"2018-10-05T10:37:00.000Z","suspendTime":"2018-10-05T10:37:00.000Z","bspReconciled":false,"complete":true,"inPlay":true,"crossMatching":true,"runnersVoidable":false,"numberOfActiveRunners":2,"betDelay":5,"status":"OPEN","runners":[{"status":"ACTIVE","sortPriority":1,"id":2249399,"name":"Richard Gasquet"},{"status":"ACTIVE","sortPriority":2,"id":2519549,"name":"Kevin Anderson"}],"regulators":["MR_INT"],"countryCode":"JP","discountAllowed":true,"timezone":"UTC","openDate":"2018-10-05T10:37:00.000Z","version":2437753398,"name":"Match Odds","eventName":"Gasquet v Anderson"},"rc":[{"ltp":2.22,"id":2249399},{"ltp":1.92,"id":2519549}]}]}
{"op":"mcm","clk":"7644921910","pt":1538737112935,"mc":[{"id":"1.149083318","rc":[{"ltp":2.16,"id":2249399},{"ltp":1.86,"id":2519549}]}]}
{"op":"mcm","clk":"7644928154","pt":1538737172786,"mc":[{"id":"1.149083318","rc":[{"ltp":1.99,"id":2249399},{"ltp":2.0,"id":2519549}]}]}
{"op":"mcm","clk":"7644934191","pt":1538737231908,"mc":[{"id":"1.149083318","rc":[{"ltp":2.08,"id":2249399},{"ltp":1.93,"id":2519549}]}]}
{"op":"mcm","clk":"7644940899","pt":1538737292723,"mc":[{"id":"1.149083318","rc":[{"ltp":2.04,"id":2249399}]}]}
{"op":"mcm","clk":"7644963835","pt":1538737352683,"mc":[{"id":"1.149083318","rc":[{"ltp":1.95,"id":2519549}]}]}
{"op":"mcm","clk":"7644970272","pt":1538737412942,"mc":[{"id":"1.149083318","rc":[{"ltp":2.18,"id":2249399},{"ltp":1.84,"id":2519549}]}]}
{"op":"mcm","clk":"7644977121","pt":1538737472939,"mc":[{"id":"1.149083318","rc":[{"ltp":2.28,"id":2249399},{"ltp":1.78,"id":2519549}]}]}
{"op":"mcm","clk":"7644984013","pt":1538737531784,"mc":[{"id":"1.149083318","rc":[{"ltp":2.08,"id":2249399},{"ltp":1.91,"id":2519549}]}]}
{"op":"mcm","clk":"7644991705","pt":1538737592967,"mc":[{"id":"1.149083318","rc":[{"ltp":1.89,"id":2519549}]}]}
{"op":"mcm","clk":"7644998963","pt":1538737652129,"mc":[{"id":"1.149083318","rc":[{"ltp":2.02,"id":2249399},{"ltp":1.98,"id":2519549}]}]}
{"op":"mcm","clk":"7645006782","pt":1538737712941,"mc":[{"id":"1.149083318","rc":[{"ltp":2.16,"id":2249399},{"ltp":1.87,"id":2519549}]}]}
{"op":"mcm","clk":"7645014144","pt":1538737772786,"mc":[{"id":"1.149083318","rc":[{"ltp":2.2,"id":2249399},{"ltp":1.82,"id":2519549}]}]}
{"op":"mcm","clk":"7645021995","pt":1538737832705,"mc":[{"id":"1.149083318","rc":[{"ltp":2.24,"id":2249399},{"ltp":1.8,"id":2519549}]}]}
{"op":"mcm","clk":"7645029525","pt":1538737892864,"mc":[{"id":"1.149083318","rc":[{"ltp":2.4,"id":2249399},{"ltp":1.72,"id":2519549}]}]}
{"op":"mcm","clk":"7645036834","pt":1538737952873,"mc":[{"id":"1.149083318","rc":[{"ltp":2.26,"id":2249399},{"ltp":1.81,"id":2519549}]}]}
{"op":"mcm","clk":"7645044268","pt":1538738012933,"mc":[{"id":"1.149083318","rc":[{"ltp":2.4,"id":2249399},{"ltp":1.71,"id":2519549}]}]}
{"op":"mcm","clk":"7645051245","pt":1538738072870,"mc":[{"id":"1.149083318","rc":[{"ltp":2.44,"id":2249399},{"ltp":1.69,"id":2519549}]}]}
{"op":"mcm","clk":"7645058262","pt":1538738132953,"mc":[{"id":"1.149083318","rc":[{"ltp":2.22,"id":2249399},{"ltp":1.82,"id":2519549}]}]}
{"op":"mcm","clk":"7645065670","pt":1538738192924,"mc":[{"id":"1.149083318","rc":[{"ltp":2.36,"id":2249399},{"ltp":1.75,"id":2519549}]}]}
{"op":"mcm","clk":"7645088668","pt":1538738251936,"mc":[{"id":"1.149083318","rc":[{"ltp":2.42,"id":2249399},{"ltp":1.7,"id":2519549}]}]}
{"op":"mcm","clk":"7645097085","pt":1538738312378,"mc":[{"id":"1.149083318","rc":[{"ltp":2.46,"id":2249399},{"ltp":1.68,"id":2519549}]}]}
{"op":"mcm","clk":"7645104305","pt":1538738372871,"mc":[{"id":"1.149083318","rc":[{"ltp":2.42,"id":2249399},{"ltp":1.7,"id":2519549}]}]}
{"op":"mcm","clk":"7645112178","pt":1538738432627,"mc":[{"id":"1.149083318","rc":[{"ltp":2.24,"id":2249399},{"ltp":1.81,"id":2519549}]}]}
{"op":"mcm","clk":"7645118884","pt":1538738492911,"mc":[{"id":"1.149083318","rc":[{"ltp":2.16,"id":2249399},{"ltp":1.8,"id":2519549}]}]}
{"op":"mcm","clk":"7645125386","pt":1538738551593,"mc":[{"id":"1.149083318","rc":[{"ltp":2.12,"id":2249399},{"ltp":1.91,"id":2519549}]}]}
{"op":"mcm","clk":"7645131660","pt":1538738612793,"mc":[{"id":"1.149083318","rc":[{"ltp":2.26,"id":2249399},{"ltp":1.78,"id":2519549}]}]}
{"op":"mcm","clk":"7645138712","pt":1538738672947,"mc":[{"id":"1.149083318","rc":[{"ltp":2.02,"id":2249399},{"ltp":1.95,"id":2519549}]}]}
{"op":"mcm","clk":"7645146073","pt":1538738732931,"mc":[{"id":"1.149083318","rc":[{"ltp":1.65,"id":2249399},{"ltp":2.34,"id":2519549}]}]}
{"op":"mcm","clk":"7645153030","pt":1538738792877,"mc":[{"id":"1.149083318","rc":[{"ltp":1.45,"id":2249399},{"ltp":3.2,"id":2519549}]}]}
{"op":"mcm","clk":"7645162956","pt":1538738852644,"mc":[{"id":"1.149083318","rc":[{"ltp":1.46,"id":2249399},{"ltp":3.15,"id":2519549}]}]}
{"op":"mcm","clk":"7645171339","pt":1538738912824,"mc":[{"id":"1.149083318","rc":[{"ltp":1.67,"id":2249399},{"ltp":2.8,"id":2519549}]}]}
{"op":"mcm","clk":"7645178366","pt":1538738972893,"mc":[{"id":"1.149083318","rc":[{"ltp":2.18,"id":2249399},{"ltp":1.83,"id":2519549}]}]}
{"op":"mcm","clk":"7645185522","pt":1538739032903,"mc":[{"id":"1.149083318","rc":[{"ltp":2.36,"id":2249399},{"ltp":1.73,"id":2519549}]}]}
{"op":"mcm","clk":"7645192441","pt":1538739092916,"mc":[{"id":"1.149083318","rc":[{"ltp":2.52,"id":2249399},{"ltp":1.67,"id":2519549}]}]}
{"op":"mcm","clk":"7645214373","pt":1538739152885,"mc":[{"id":"1.149083318","rc":[{"ltp":2.32,"id":2249399},{"ltp":1.75,"id":2519549}]}]}
{"op":"mcm","clk":"7645221132","pt":1538739212964,"mc":[{"id":"1.149083318","rc":[{"ltp":2.2,"id":2249399},{"ltp":1.82,"id":2519549}]}]}
{"op":"mcm","clk":"7645227625","pt":1538739272364,"mc":[{"id":"1.149083318","rc":[{"ltp":2.22,"id":2249399}]}]}
{"op":"mcm","clk":"7645235017","pt":1538739332960,"mc":[{"id":"1.149083318","rc":[{"ltp":2.36,"id":2249399},{"ltp":1.75,"id":2519549}]}]}
{"op":"mcm","clk":"7645241969","pt":1538739392631,"mc":[{"id":"1.149083318","rc":[{"ltp":2.34,"id":2249399}]}]}
{"op":"mcm","clk":"7645248712","pt":1538739452949,"mc":[{"id":"1.149083318","rc":[{"ltp":2.12,"id":2249399},{"ltp":1.86,"id":2519549}]}]}
{"op":"mcm","clk":"7645255425","pt":1538739512841,"mc":[{"id":"1.149083318","rc":[{"ltp":2.02,"id":2249399},{"ltp":1.95,"id":2519549}]}]}
{"op":"mcm","clk":"7645262354","pt":1538739572912,"mc":[{"id":"1.149083318","rc":[{"ltp":2.22,"id":2249399},{"ltp":1.81,"id":2519549}]}]}
{"op":"mcm","clk":"7645269030","pt":1538739632915,"mc":[{"id":"1.149083318","rc":[{"ltp":2.28,"id":2249399},{"ltp":1.79,"id":2519549}]}]}
{"op":"mcm","clk":"7645275652","pt":1538739692976,"mc":[{"id":"1.149083318","rc":[{"ltp":2.32,"id":2249399},{"ltp":1.75,"id":2519549}]}]}
{"op":"mcm","clk":"7645282932","pt":1538739752927,"mc":[{"id":"1.149083318","rc":[{"ltp":2.12,"id":2249399},{"ltp":1.86,"id":2519549}]}]}
{"op":"mcm","clk":"7645290460","pt":1538739812828,"mc":[{"id":"1.149083318","rc":[{"ltp":2.1,"id":2249399},{"ltp":1.91,"id":2519549}]}]}
{"op":"mcm","clk":"7645297703","pt":1538739872882,"mc":[{"id":"1.149083318","rc":[{"ltp":1.72,"id":2249399},{"ltp":2.38,"id":2519549}]}]}
{"op":"mcm","clk":"7645304159","pt":1538739932034,"mc":[{"id":"1.149083318","rc":[{"ltp":2.1,"id":2249399},{"ltp":1.9,"id":2519549}]}]}
{"op":"mcm","clk":"7645310158","pt":1538739992901,"mc":[{"id":"1.149083318","rc":[{"ltp":1.6,"id":2249399},{"ltp":2.72,"id":2519549}]}]}
{"op":"mcm","clk":"7645331829","pt":1538740052958,"mc":[{"id":"1.149083318","rc":[{"ltp":1.76,"id":2249399},{"ltp":2.34,"id":2519549}]}]}
{"op":"mcm","clk":"7645337974","pt":1538740112922,"mc":[{"id":"1.149083318","rc":[{"ltp":1.89,"id":2249399},{"ltp":2.12,"id":2519549}]}]}
{"op":"mcm","clk":"7645344550","pt":1538740172954,"mc":[{"id":"1.149083318","rc":[{"ltp":1.41,"id":2249399},{"ltp":3.4,"id":2519549}]}]}
{"op":"mcm","clk":"7645351184","pt":1538740232886,"mc":[{"id":"1.149083318","rc":[{"ltp":1.48,"id":2249399},{"ltp":3.05,"id":2519549}]}]}
{"op":"mcm","clk":"7645358283","pt":1538740292683,"mc":[{"id":"1.149083318","rc":[{"ltp":1.77,"id":2249399},{"ltp":2.3,"id":2519549}]}]}
{"op":"mcm","clk":"7645364902","pt":1538740352782,"mc":[{"id":"1.149083318","rc":[{"ltp":2.14,"id":2249399},{"ltp":1.87,"id":2519549}]}]}
{"op":"mcm","clk":"7645372097","pt":1538740412965,"mc":[{"id":"1.149083318","rc":[{"ltp":1.55,"id":2249399},{"ltp":2.82,"id":2519549}]}]}
{"op":"mcm","clk":"7645378523","pt":1538740472880,"mc":[{"id":"1.149083318","rc":[{"ltp":1.39,"id":2249399},{"ltp":3.55,"id":2519549}]}]}
{"op":"mcm","clk":"7645385334","pt":1538740532770,"mc":[{"id":"1.149083318","rc":[{"ltp":3.6,"id":2519549}]}]}
{"op":"mcm","clk":"7645391914","pt":1538740592828,"mc":[{"id":"1.149083318","rc":[{"ltp":3.55,"id":2519549}]}]}
{"op":"mcm","clk":"7645400028","pt":1538740652941,"mc":[{"id":"1.149083318","rc":[{"ltp":1.4,"id":2249399}]}]}
{"op":"mcm","clk":"7645407887","pt":1538740712976,"mc":[{"id":"1.149083318","rc":[{"ltp":1.39,"id":2249399}]}]}
{"op":"mcm","clk":"7645415058","pt":1538740772204,"mc":[{"id":"1.149083318","rc":[{"ltp":3.65,"id":2519549}]}]}
{"op":"mcm","clk":"7645421891","pt":1538740832891,"mc":[{"id":"1.149083318","rc":[{"ltp":3.55,"id":2519549}]}]}
{"op":"mcm","clk":"7645428424","pt":1538740892565,"mc":[{"id":"1.149083318","rc":[{"ltp":1.46,"id":2249399}]}]}
{"op":"mcm","clk":"7645451269","pt":1538740952873,"mc":[{"id":"1.149083318","rc":[{"ltp":1.39,"id":2249399}]}]}
{"op":"mcm","clk":"7645458096","pt":1538741012961,"mc":[{"id":"1.149083318","rc":[{"ltp":3.5,"id":2519549}]}]}
{"op":"mcm","clk":"7645465065","pt":1538741072290,"mc":[{"id":"1.149083318","rc":[{"ltp":1.37,"id":2249399},{"ltp":3.7,"id":2519549}]}]}
{"op":"mcm","clk":"7645471883","pt":1538741132944,"mc":[{"id":"1.149083318","rc":[{"ltp":1.35,"id":2249399},{"ltp":3.9,"id":2519549}]}]}
{"op":"mcm","clk":"7645478873","pt":1538741192915,"mc":[{"id":"1.149083318","rc":[{"ltp":1.24,"id":2249399},{"ltp":4.7,"id":2519549}]}]}
{"op":"mcm","clk":"7645486084","pt":1538741252676,"mc":[{"id":"1.149083318","rc":[{"ltp":1.4,"id":2249399},{"ltp":3.5,"id":2519549}]}]}
{"op":"mcm","clk":"7645493040","pt":1538741311665,"mc":[{"id":"1.149083318","rc":[{"ltp":1.35,"id":2249399},{"ltp":3.75,"id":2519549}]}]}
{"op":"mcm","clk":"7645499734","pt":1538741372854,"mc":[{"id":"1.149083318","rc":[{"ltp":1.34,"id":2249399},{"ltp":3.95,"id":2519549}]}]}
{"op":"mcm","clk":"7645506734","pt":1538741432559,"mc":[{"id":"1.149083318","rc":[{"ltp":3.9,"id":2519549}]}]}
{"op":"mcm","clk":"7645521461","pt":1538741552841,"mc":[{"id":"1.149083318","rc":[{"ltp":1.33,"id":2249399},{"ltp":4.0,"id":2519549}]}]}
{"op":"mcm","clk":"7645529558","pt":1538741612894,"mc":[{"id":"1.149083318","rc":[{"ltp":1.4,"id":2249399},{"ltp":3.55,"id":2519549}]}]}
{"op":"mcm","clk":"7645537999","pt":1538741672485,"mc":[{"id":"1.149083318","rc":[{"ltp":1.36,"id":2249399},{"ltp":3.65,"id":2519549}]}]}
{"op":"mcm","clk":"7645547241","pt":1538741732820,"mc":[{"id":"1.149083318","rc":[{"ltp":1.35,"id":2249399},{"ltp":3.85,"id":2519549}]}]}
{"op":"mcm","clk":"7645555651","pt":1538741792764,"mc":[{"id":"1.149083318","rc":[{"ltp":1.33,"id":2249399},{"ltp":4.0,"id":2519549}]}]}
{"op":"mcm","clk":"7645579446","pt":1538741852622,"mc":[{"id":"1.149083318","rc":[{"ltp":1.32,"id":2249399}]}]}
{"op":"mcm","clk":"7645587324","pt":1538741912930,"mc":[{"id":"1.149083318","rc":[{"ltp":1.36,"id":2249399},{"ltp":3.75,"id":2519549}]}]}
{"op":"mcm","clk":"7645594103","pt":1538741971400,"mc":[{"id":"1.149083318","rc":[{"ltp":3.6,"id":2519549}]}]}
{"op":"mcm","clk":"7645601758","pt":1538742032486,"mc":[{"id":"1.149083318","rc":[{"ltp":1.39,"id":2249399}]}]}
{"op":"mcm","clk":"7645609306","pt":1538742092722,"mc":[{"id":"1.149083318","rc":[{"ltp":1.36,"id":2249399},{"ltp":3.8,"id":2519549}]}]}
{"op":"mcm","clk":"7645616773","pt":1538742152713,"mc":[{"id":"1.149083318","rc":[{"ltp":1.33,"id":2249399},{"ltp":4.0,"id":2519549}]}]}
{"op":"mcm","clk":"7645623899","pt":1538742212958,"mc":[{"id":"1.149083318","rc":[{"ltp":1.32,"id":2249399},{"ltp":4.1,"id":2519549}]}]}
{"op":"mcm","clk":"7645638419","pt":1538742332743,"mc":[{"id":"1.149083318","rc":[{"ltp":1.25,"id":2249399},{"ltp":4.8,"id":2519549}]}]}
{"op":"mcm","clk":"7645646156","pt":1538742392883,"mc":[{"id":"1.149083318","rc":[{"ltp":1.19,"id":2249399},{"ltp":6.2,"id":2519549}]}]}
{"op":"mcm","clk":"7645653588","pt":1538742452428,"mc":[{"id":"1.149083318","rc":[{"ltp":1.21,"id":2249399},{"ltp":5.3,"id":2519549}]}]}
{"op":"mcm","clk":"7645661169","pt":1538742512941,"mc":[{"id":"1.149083318","rc":[{"ltp":1.37,"id":2249399},{"ltp":3.75,"id":2519549}]}]}
{"op":"mcm","clk":"7645668242","pt":1538742572964,"mc":[{"id":"1.149083318","rc":[{"ltp":1.59,"id":2249399},{"ltp":2.72,"id":2519549}]}]}
{"op":"mcm","clk":"7645675296","pt":1538742632929,"mc":[{"id":"1.149083318","rc":[{"ltp":1.49,"id":2249399},{"ltp":2.96,"id":2519549}]}]}
{"op":"mcm","clk":"7645682697","pt":1538742692952,"mc":[{"id":"1.149083318","rc":[{"ltp":1.34,"id":2249399},{"ltp":3.85,"id":2519549}]}]}
{"op":"mcm","clk":"7645705310","pt":1538742752887,"mc":[{"id":"1.149083318","rc":[{"ltp":1.31,"id":2249399},{"ltp":4.2,"id":2519549}]}]}
{"op":"mcm","clk":"7645712074","pt":1538742812679,"mc":[{"id":"1.149083318","rc":[{"ltp":1.32,"id":2249399}]}]}
{"op":"mcm","clk":"7645719503","pt":1538742872745,"mc":[{"id":"1.149083318","rc":[{"ltp":1.29,"id":2249399},{"ltp":3.75,"id":2519549}]}]}
{"op":"mcm","clk":"7645726714","pt":1538742932339,"mc":[{"id":"1.149083318","rc":[{"ltp":1.32,"id":2249399},{"ltp":3.95,"id":2519549}]}]}
{"op":"mcm","clk":"7645733646","pt":1538742992751,"mc":[{"id":"1.149083318","rc":[{"ltp":1.37,"id":2249399},{"ltp":3.8,"id":2519549}]}]}
{"op":"mcm","clk":"7645740811","pt":1538743052927,"mc":[{"id":"1.149083318","rc":[{"ltp":1.5,"id":2249399},{"ltp":3.15,"id":2519549}]}]}
{"op":"mcm","clk":"7645748391","pt":1538743112966,"mc":[{"id":"1.149083318","rc":[{"ltp":1.82,"id":2249399},{"ltp":2.2,"id":2519549}]}]}
{"op":"mcm","clk":"7645755417","pt":1538743172934,"mc":[{"id":"1.149083318","rc":[{"ltp":2.06,"id":2249399},{"ltp":1.94,"id":2519549}]}]}
{"op":"mcm","clk":"7645761544","pt":1538743232915,"mc":[{"id":"1.149083318","rc":[{"ltp":2.04,"id":2249399},{"ltp":1.96,"id":2519549}]}]}
{"op":"mcm","clk":"7645767610","pt":1538743292605,"mc":[{"id":"1.149083318","rc":[{"ltp":1.97,"id":2519549}]}]}
{"op":"mcm","clk":"7645774066","pt":1538743352911,"mc":[{"id":"1.149083318","rc":[{"ltp":1.99,"id":2249399},{"ltp":1.98,"id":2519549}]}]}
{"op":"mcm","clk":"7645781037","pt":1538743412939,"mc":[{"id":"1.149083318","rc":[{"ltp":1.57,"id":2249399},{"ltp":2.76,"id":2519549}]}]}
{"op":"mcm","clk":"7645788160","pt":1538743472878,"mc":[{"id":"1.149083318","rc":[{"ltp":1.38,"id":2249399},{"ltp":3.65,"id":2519549}]}]}
{"op":"mcm","clk":"7645795199","pt":1538743532909,"mc":[{"id":"1.149083318","rc":[{"ltp":1.28,"id":2249399},{"ltp":4.5,"id":2519549}]}]}
{"op":"mcm","clk":"7645802679","pt":1538743592901,"mc":[{"id":"1.149083318","rc":[{"ltp":1.34,"id":2249399},{"ltp":4.0,"id":2519549}]}]}
{"op":"mcm","clk":"7645825608","pt":1538743652899,"mc":[{"id":"1.149083318","rc":[{"ltp":1.15,"id":2249399},{"ltp":7.6,"id":2519549}]}]}
{"op":"mcm","clk":"7645831700","pt":1538743712905,"mc":[{"id":"1.149083318","rc":[{"ltp":1.1,"id":2249399},{"ltp":12.0,"id":2519549}]}]}
{"op":"mcm","clk":"7645837766","pt":1538743772865,"mc":[{"id":"1.149083318","rc":[{"ltp":1.03,"id":2249399},{"ltp":50.0,"id":2519549}]}]}
{"op":"mcm","clk":"7645843762","pt":1538743832778,"mc":[{"id":"1.149083318","rc":[{"ltp":1.04,"id":2249399},{"ltp":27.0,"id":2519549}]}]}
{"op":"mcm","clk":"7645849434","pt":1538743892488,"mc":[{"id":"1.149083318","rc":[{"ltp":32.0,"id":2519549}]}]}
{"op":"mcm","clk":"7645856233","pt":1538743952950,"mc":[{"id":"1.149083318","rc":[{"ltp":1.06,"id":2249399},{"ltp":17.5,"id":2519549}]}]}
{"op":"mcm","clk":"7645862667","pt":1538744012236,"mc":[{"id":"1.149083318","marketDefinition":{"bspMarket":false,"turnInPlayEnabled":true,"persistenceEnabled":true,"marketBaseRate":5.0,"eventId":"28938444","eventTypeId":"2","numberOfWinners":1,"bettingType":"ODDS","marketType":"MATCH_ODDS","marketTime":"2018-10-05T10:37:00.000Z","suspendTime":"2018-10-05T10:37:00.000Z","bspReconciled":false,"complete":true,"inPlay":true,"crossMatching":true,"runnersVoidable":false,"numberOfActiveRunners":2,"betDelay":5,"status":"SUSPENDED","runners":[{"status":"ACTIVE","sortPriority":1,"id":2249399,"name":"Richard Gasquet"},{"status":"ACTIVE","sortPriority":2,"id":2519549,"name":"Kevin Anderson"}],"regulators":["MR_INT"],"countryCode":"JP","discountAllowed":true,"timezone":"UTC","openDate":"2018-10-05T10:37:00.000Z","version":2437873340,"name":"Match Odds","eventName":"Gasquet v Anderson"}}]}
{"op":"mcm","clk":"7645868603","pt":1538744064640,"mc":[{"id":"1.149083318","marketDefinition":{"bspMarket":false,"turnInPlayEnabled":true,"persistenceEnabled":true,"marketBaseRate":5.0,"eventId":"28938444","eventTypeId":"2","numberOfWinners":1,"bettingType":"ODDS","marketType":"MATCH_ODDS","marketTime":"2018-10-05T10:37:00.000Z","suspendTime":"2018-10-05T10:37:00.000Z","bspReconciled":false,"complete":true,"inPlay":true,"crossMatching":false,"runnersVoidable":false,"numberOfActiveRunners":0,"betDelay":5,"status":"CLOSED","settledTime":"2018-10-05T12:53:43.000Z","runners":[{"status":"WINNER","sortPriority":1,"id":2249399,"name":"Richard Gasquet"},{"status":"LOSER","sortPriority":2,"id":2519549,"name":"Kevin Anderson"}],"regulators":["MR_INT"],"countryCode":"JP","discountAllowed":true,"timezone":"UTC","openDate":"2018-10-05T10:37:00.000Z","version":2437874401,"name":"Match Odds","eventName":"Gasquet v Anderson"}}]}
