{"op":"mcm","clk":"7646960920","pt":1538752231228,"mc":[{"id":"1.149148739","marketDefinition":{"bspMarket":false,"turnInPlayEnabled":true,"persistenceEnabled":true,"marketBaseRate":5.0,"eventId":"28940682","eventTypeId":"2","numberOfWinners":1,"bettingType":"ODDS","marketType":"MATCH_ODDS","marketTime":"2018-10-06T11:30:00.000Z","suspendTime":"2018-10-06T11:30:00.000Z","bspReconciled":false,"complete":true,"inPlay":false,"crossMatching":true,"runnersVoidable":false,"numberOfActiveRunners":2,"betDelay":0,"status":"OPEN","runners":[{"status":"ACTIVE","sortPriority":1,"id":6145777,"name":"Qiang Wang"},{"status":"ACTIVE","sortPriority":2,"id":2309522,"name":"Caroline Wozniacki"}],"regulators":["MR_INT"],"countryCode":"CN","discountAllowed":true,"timezone":"UTC","openDate":"2018-10-06T11:30:00.000Z","version":2438121277,"name":"Match Odds","eventName":"Q Wang v Wozniacki"}}]}
{"op":"mcm","clk":"7647636826","pt":1538756846178,"mc":[{"id":"1.149148739","rc":[{"ltp":1.67,"id":2309522}]}]}
{"op":"mcm","clk":"7647831595","pt":1538758011824,"mc":[{"id":"1.149148739","rc":[{"ltp":1.68,"id":2309522}]}]}
{"op":"mcm","clk":"7647917429","pt":1538758534361,"mc":[{"id":"1.149148739","rc":[{"ltp":1.67,"id":2309522}]}]}
{"op":"mcm","clk":"7648055335","pt":1538759316883,"mc":[{"id":"1.149148739","rc":[{"ltp":1.71,"id":2309522}]}]}
{"op":"mcm","clk":"7648250378","pt":1538760196009,"mc":[{"id":"1.149148739","rc":[{"ltp":1.72,"id":2309522},{"ltp":2.38,"id":6145777}]}]}
{"op":"mcm","clk":"7648381996","pt":1538760754662,"mc":[{"id":"1.149148739","rc":[{"ltp":2.4,"id":6145777}]}]}
{"op":"mcm","clk":"7648386007","pt":1538760775073,"mc":[{"id":"1.149148739","rc":[{"ltp":1.71,"id":2309522}]}]}
{"op":"mcm","clk":"7648420520","pt":1538760937644,"mc":[{"id":"1.149148739","rc":[{"ltp":1.72,"id":2309522},{"ltp":2.38,"id":6145777}]}]}
{"op":"mcm","clk":"7648456829","pt":1538761117238,"mc":[{"id":"1.149148739","rc":[{"ltp":2.28,"id":6145777}]}]}
{"op":"mcm","clk":"7648520420","pt":1538761447086,"mc":[{"id":"1.149148739","rc":[{"ltp":1.78,"id":2309522}]}]}
{"op":"mcm","clk":"7648734449","pt":1538762555095,"mc":[{"id":"1.149148739","rc":[{"ltp":1.73,"id":2309522}]}]}
{"op":"mcm","clk":"7648932598","pt":1538763454742,"mc":[{"id":"1.149148739","rc":[{"ltp":2.38,"id":6145777}]}]}
{"op":"mcm","clk":"7649371745","pt":1538765424040,"mc":[{"id":"1.149148739","rc":[{"ltp":2.32,"id":6145777}]}]}
{"op":"mcm","clk":"7649611984","pt":1538766879538,"mc":[{"id":"1.149148739","rc":[{"ltp":2.34,"id":6145777}]}]}
{"op":"mcm","clk":"7649621313","pt":1538766939921,"mc":[{"id":"1.149148739","rc":[{"ltp":1.75,"id":2309522},{"ltp":2.32,"id":6145777}]}]}
{"op":"mcm","clk":"7649958315","pt":1538768859310,"mc":[{"id":"1.149148739","rc":[{"ltp":2.3,"id":6145777}]}]}
{"op":"mcm","clk":"7650089262","pt":1538769820320,"mc":[{"id":"1.149148739","rc":[{"ltp":2.34,"id":6145777}]}]}
{"op":"mcm","clk":"7650156082","pt":1538770360006,"mc":[{"id":"1.149148739","rc":[{"ltp":2.32,"id":6145777}]}]}
{"op":"mcm","clk":"7650320935","pt":1538771920491,"mc":[{"id":"1.149148739","rc":[{"ltp":1.78,"id":2309522},{"ltp":2.28,"id":6145777}]}]}
{"op":"mcm","clk":"7650330496","pt":1538772106071,"mc":[{"id":"1.149148739","rc":[{"ltp":2.26,"id":6145777}]}]}
{"op":"mcm","clk":"7650526082","pt":1538774713501,"mc":[{"id":"1.149148739","rc":[{"ltp":1.8,"id":2309522}]}]}
{"op":"mcm","clk":"7650539808","pt":1538775034299,"mc":[{"id":"1.149148739","rc":[{"ltp":1.78,"id":2309522}]}]}
{"op":"mcm","clk":"7650600198","pt":1538775935181,"mc":[{"id":"1.149148739","rc":[{"ltp":1.75,"id":2309522}]}]}
{"op":"mcm","clk":"7650646675","pt":1538776531901,"mc":[{"id":"1.149148739","rc":[{"ltp":1.79,"id":2309522},{"ltp":2.28,"id":6145777}]}]}
{"op":"mcm","clk":"7650657759","pt":1538776766844,"mc":[{"id":"1.149148739","rc":[{"ltp":2.24,"id":6145777}]}]}
{"op":"mcm","clk":"7650683939","pt":1538776939011,"mc":[{"id":"1.149148739","rc":[{"ltp":2.28,"id":6145777}]}]}
{"op":"mcm","clk":"7650704068","pt":1538777349583,"mc":[{"id":"1.149148739","rc":[{"ltp":2.26,"id":6145777}]}]}
{"op":"mcm","clk":"7650726674","pt":1538777739977,"mc":[{"id":"1.149148739","rc":[{"ltp":1.78,"id":2309522},{"ltp":2.28,"id":6145777}]}]}
{"op":"mcm","clk":"7650790191","pt":1538778636962,"mc":[{"id":"1.149148739","rc":[{"ltp":1.75,"id":2309522}]}]}
{"op":"mcm","clk":"7650945227","pt":1538780664580,"mc":[{"id":"1.149148739","rc":[{"ltp":2.26,"id":6145777}]}]}
{"op":"mcm","clk":"7650986317","pt":1538781339979,"mc":[{"id":"1.149148739","rc":[{"ltp":1.74,"id":2309522},{"ltp":2.34,"id":6145777}]}]}
{"op":"mcm","clk":"7651017516","pt":1538781599509,"mc":[{"id":"1.149148739","rc":[{"ltp":1.73,"id":2309522}]}]}
{"op":"mcm","clk":"7651036465","pt":1538781929604,"mc":[{"id":"1.149148739","rc":[{"ltp":1.75,"id":2309522},{"ltp":2.32,"id":6145777}]}]}
{"op":"mcm","clk":"7651092300","pt":1538782535240,"mc":[{"id":"1.149148739","rc":[{"ltp":2.34,"id":6145777}]}]}
{"op":"mcm","clk":"7651119493","pt":1538783018323,"mc":[{"id":"1.149148739","rc":[{"ltp":2.28,"id":6145777}]}]}
{"op":"mcm","clk":"7651149144","pt":1538783248187,"mc":[{"id":"1.149148739","rc":[{"ltp":1.73,"id":2309522},{"ltp":2.36,"id":6145777}]}]}
{"op":"mcm","clk":"7651477025","pt":1538786929938,"mc":[{"id":"1.149148739","rc":[{"ltp":1.76,"id":2309522}]}]}
{"op":"mcm","clk":"7651526282","pt":1538787603634,"mc":[{"id":"1.149148739","rc":[{"ltp":1.72,"id":2309522},{"ltp":2.34,"id":6145777}]}]}
{"op":"mcm","clk":"7651822181","pt":1538791084944,"mc":[{"id":"1.149148739","rc":[{"ltp":1.75,"id":2309522},{"ltp":2.3,"id":6145777}]}]}
{"op":"mcm","clk":"7651972864","pt":1538793124585,"mc":[{"id":"1.149148739","rc":[{"ltp":1.74,"id":2309522}]}]}
{"op":"mcm","clk":"7651998161","pt":1538793275728,"mc":[{"id":"1.149148739","rc":[{"ltp":1.73,"id":2309522}]}]}
{"op":"mcm","clk":"7652024487","pt":1538793732359,"mc":[{"id":"1.149148739","rc":[{"ltp":1.74,"id":2309522},{"ltp":2.32,"id":6145777}]}]}
{"op":"mcm","clk":"7652033314","pt":1538793878932,"mc":[{"id":"1.149148739","rc":[{"ltp":1.75,"id":2309522}]}]}
{"op":"mcm","clk":"7652036882","pt":1538793935995,"mc":[{"id":"1.149148739","rc":[{"ltp":1.72,"id":2309522}]}]}
{"op":"mcm","clk":"7652253475","pt":1538796531159,"mc":[{"id":"1.149148739","rc":[{"ltp":1.75,"id":2309522}]}]}
{"op":"mcm","clk":"7652308484","pt":1538797147550,"mc":[{"id":"1.149148739","rc":[{"ltp":1.73,"id":2309522}]}]}
{"op":"mcm","clk":"7652409268","pt":1538798434266,"mc":[{"id":"1.149148739","rc":[{"ltp":1.75,"id":2309522},{"ltp":2.36,"id":6145777}]}]}
{"op":"mcm","clk":"7652416007","pt":1538798511141,"mc":[{"id":"1.149148739","rc":[{"ltp":1.76,"id":2309522}]}]}
{"op":"mcm","clk":"7652534743","pt":1538799433568,"mc":[{"id":"1.149148739","rc":[{"ltp":2.32,"id":6145777}]}]}
{"op":"mcm","clk":"7652581938","pt":1538799905920,"mc":[{"id":"1.149148739","rc":[{"ltp":1.75,"id":2309522}]}]}
{"op":"mcm","clk":"7652601636","pt":1538800131551,"mc":[{"id":"1.149148739","rc":[{"ltp":1.74,"id":2309522}]}]}
{"op":"mcm","clk":"7652936567","pt":1538802809784,"mc":[{"id":"1.149148739","rc":[{"ltp":1.76,"id":2309522}]}]}
{"op":"mcm","clk":"7653015263","pt":1538803276398,"mc":[{"id":"1.149148739","rc":[{"ltp":1.75,"id":2309522}]}]}
{"op":"mcm","clk":"7653035941","pt":1538803440277,"mc":[{"id":"1.149148739","rc":[{"ltp":1.76,"id":2309522}]}]}
{"op":"mcm","clk":"7653068227","pt":1538803746259,"mc":[{"id":"1.149148739","rc":[{"ltp":1.75,"id":2309522}]}]}
{"op":"mcm","clk":"7653243506","pt":1538804908686,"mc":[{"id":"1.149148739","rc":[{"ltp":1.76,"id":2309522}]}]}
{"op":"mcm","clk":"7653258126","pt":1538805037231,"mc":[{"id":"1.149148739","rc":[{"ltp":1.77,"id":2309522},{"ltp":2.3,"id":6145777}]}]}
{"op":"mcm","clk":"7653260285","pt":1538805056426,"mc":[{"id":"1.149148739","rc":[{"ltp":1.76,"id":2309522}]}]}
{"op":"mcm","clk":"7653275132","pt":1538805202722,"mc":[{"id":"1.149148739","rc":[{"ltp":1.77,"id":2309522}]}]}
{"op":"mcm","clk":"7653283931","pt":1538805280484,"mc":[{"id":"1.149148739","rc":[{"ltp":1.78,"id":2309522}]}]}
{"op":"mcm","clk":"7653299646","pt":1538805430708,"mc":[{"id":"1.149148739","rc":[{"ltp":2.28,"id":6145777}]}]}
{"op":"mcm","clk":"7653391727","pt":1538805998797,"mc":[{"id":"1.149148739","rc":[{"ltp":1.77,"id":2309522},{"ltp":2.3,"id":6145777}]}]}
{"op":"mcm","clk":"7653393722","pt":1538806017325,"mc":[{"id":"1.149148739","rc":[{"ltp":1.76,"id":2309522}]}]}
{"op":"mcm","clk":"7653407126","pt":1538806147672,"mc":[{"id":"1.149148739","rc":[{"ltp":2.32,"id":6145777}]}]}
{"op":"mcm","clk":"7653419297","pt":1538806250943,"mc":[{"id":"1.149148739","rc":[{"ltp":1.77,"id":2309522},{"ltp":2.3,"id":6145777}]}]}
{"op":"mcm","clk":"7653580372","pt":1538807458731,"mc":[{"id":"1.149148739","rc":[{"ltp":1.76,"id":2309522}]}]}
{"op":"mcm","clk":"7653770899","pt":1538808674333,"mc":[{"id":"1.149148739","rc":[{"ltp":2.28,"id":6145777}]}]}
{"op":"mcm","clk":"7653776275","pt":1538808725820,"mc":[{"id":"1.149148739","rc":[{"ltp":1.77,"id":2309522},{"ltp":2.3,"id":6145777}]}]}
{"op":"mcm","clk":"7653785424","pt":1538808809761,"mc":[{"id":"1.149148739","rc":[{"ltp":1.76,"id":2309522}]}]}
{"op":"mcm","clk":"7653821482","pt":1538809180515,"mc":[{"id":"1.149148739","rc":[{"ltp":2.32,"id":6145777}]}]}
{"op":"mcm","clk":"7653923857","pt":1538809927963,"mc":[{"id":"1.149148739","rc":[{"ltp":2.3,"id":6145777}]}]}
{"op":"mcm","clk":"7653996715","pt":1538810417665,"mc":[{"id":"1.149148739","rc":[{"ltp":2.32,"id":6145777}]}]}
{"op":"mcm","clk":"7654061021","pt":1538811104903,"mc":[{"id":"1.149148739","rc":[{"ltp":1.75,"id":2309522}]}]}
{"op":"mcm","clk":"7654230944","pt":1538812294516,"mc":[{"id":"1.149148739","rc":[{"ltp":2.34,"id":6145777}]}]}
{"op":"mcm","clk":"7654273417","pt":1538812686545,"mc":[{"id":"1.149148739","rc":[{"ltp":1.74,"id":2309522}]}]}
{"op":"mcm","clk":"7654283841","pt":1538812777365,"mc":[{"id":"1.149148739","rc":[{"ltp":1.76,"id":2309522}]}]}
{"op":"mcm","clk":"7654342939","pt":1538813096078,"mc":[{"id":"1.149148739","rc":[{"ltp":2.32,"id":6145777}]}]}
{"op":"mcm","clk":"7654400401","pt":1538813486067,"mc":[{"id":"1.149148739","rc":[{"ltp":1.75,"id":2309522}]}]}
{"op":"mcm","clk":"7654411137","pt":1538813554552,"mc":[{"id":"1.149148739","rc":[{"ltp":1.76,"id":2309522}]}]}
{"op":"mcm","clk":"7654418534","pt":1538813601242,"mc":[{"id":"1.149148739","rc":[{"ltp":1.75,"id":2309522}]}]}
{"op":"mcm","clk":"7654430143","pt":1538813672328,"mc":[{"id":"1.149148739","rc":[{"ltp":1.78,"id":2309522},{"ltp":2.3,"id":6145777}]}]}
{"op":"mcm","clk":"7654440778","pt":1538813740718,"mc":[{"id":"1.149148739","rc":[{"ltp":1.76,"id":2309522}]}]}
{"op":"mcm","clk":"7654476761","pt":1538813858733,"mc":[{"id":"1.149148739","rc":[{"ltp":1.77,"id":2309522}]}]}
{"op":"mcm","clk":"7654568871","pt":1538814381359,"mc":[{"id":"1.149148739","rc":[{"ltp":1.78,"id":2309522}]}]}
{"op":"mcm","clk":"7654591023","pt":1538814518699,"mc":[{"id":"1.149148739","rc":[{"ltp":1.77,"id":2309522}]}]}
{"op":"mcm","clk":"7654600343","pt":1538814575592,"mc":[{"id":"1.149148739","rc":[{"ltp":1.79,"id":2309522}]}]}
{"op":"mcm","clk":"7654620671","pt":1538814699124,"mc":[{"id":"1.149148739","rc":[{"ltp":1.78,"id":2309522}]}]}
{"op":"mcm","clk":"7654656926","pt":1538814810394,"mc":[{"id":"1.149148739","rc":[{"ltp":1.79,"id":2309522}]}]}
{"op":"mcm","clk":"7654674966","pt":1538814925329,"mc":[{"id":"1.149148739","rc":[{"ltp":2.24,"id":6145777}]}]}
{"op":"mcm","clk":"7654685982","pt":1538814996082,"mc":[{"id":"1.149148739","rc":[{"ltp":2.26,"id":6145777}]}]}
{"op":"mcm","clk":"7654693223","pt":1538815042221,"mc":[{"id":"1.149148739","rc":[{"ltp":2.28,"id":6145777}]}]}
{"op":"mcm","clk":"7654705003","pt":1538815119737,"mc":[{"id":"1.149148739","rc":[{"ltp":1.78,"id":2309522},{"ltp":2.26,"id":6145777}]}]}
{"op":"mcm","clk":"7654714259","pt":1538815180609,"mc":[{"id":"1.149148739","rc":[{"ltp":1.79,"id":2309522}]}]}
{"op":"mcm","clk":"7654763058","pt":1538815479618,"mc":[{"id":"1.149148739","rc":[{"ltp":2.3,"id":6145777}]}]}
{"op":"mcm","clk":"7654773092","pt":1538815540432,"mc":[{"id":"1.149148739","rc":[{"ltp":1.78,"id":2309522}]}]}
{"op":"mcm","clk":"7654809526","pt":1538815655067,"mc":[{"id":"1.149148739","rc":[{"ltp":1.79,"id":2309522},{"ltp":2.28,"id":6145777}]}]}
{"op":"mcm","clk":"7654818937","pt":1538815708726,"mc":[{"id":"1.149148739","rc":[{"ltp":1.78,"id":2309522}]}]}
{"op":"mcm","clk":"7654831139","pt":1538815780643,"mc":[{"id":"1.149148739","rc":[{"ltp":2.3,"id":6145777}]}]}
{"op":"mcm","clk":"7654840132","pt":1538815832602,"mc":[{"id":"1.149148739","rc":[{"ltp":1.79,"id":2309522},{"ltp":2.28,"id":6145777}]}]}
{"op":"mcm","clk":"7654860490","pt":1538815959155,"mc":[{"id":"1.149148739","rc":[{"ltp":1.78,"id":2309522}]}]}
{"op":"mcm","clk":"7654869656","pt":1538816017797,"mc":[{"id":"1.149148739","rc":[{"ltp":2.26,"id":6145777}]}]}
{"op":"mcm","clk":"7654879134","pt":1538816080554,"mc":[{"id":"1.149148739","rc":[{"ltp":2.28,"id":6145777}]}]}
{"op":"mcm","clk":"7655004720","pt":1538816738994,"mc":[{"id":"1.149148739","rc":[{"ltp":2.26,"id":6145777}]}]}
{"op":"mcm","clk":"7655014920","pt":1538816800702,"mc":[{"id":"1.149148739","rc":[{"ltp":2.3,"id":6145777}]}]}
{"op":"mcm","clk":"7655084469","pt":1538817216556,"mc":[{"id":"1.149148739","rc":[{"ltp":2.28,"id":6145777}]}]}
{"op":"mcm","clk":"7655095634","pt":1538817278038,"mc":[{"id":"1.149148739","rc":[{"ltp":1.77,"id":2309522}]}]}
{"op":"mcm","clk":"7655104092","pt":1538817328774,"mc":[{"id":"1.149148739","rc":[{"ltp":1.78,"id":2309522}]}]}
{"op":"mcm","clk":"7655117665","pt":1538817398977,"mc":[{"id":"1.149148739","rc":[{"ltp":1.77,"id":2309522}]}]}
{"op":"mcm","clk":"7655146682","pt":1538817460423,"mc":[{"id":"1.149148739","rc":[{"ltp":2.3,"id":6145777}]}]}
{"op":"mcm","clk":"7655167875","pt":1538817579759,"mc":[{"id":"1.149148739","rc":[{"ltp":1.78,"id":2309522}]}]}
{"op":"mcm","clk":"7655223893","pt":1538817876322,"mc":[{"id":"1.149148739","rc":[{"ltp":1.77,"id":2309522}]}]}
{"op":"mcm","clk":"7655261690","pt":1538818060726,"mc":[{"id":"1.149148739","rc":[{"ltp":1.76,"id":2309522}]}]}
{"op":"mcm","clk":"7655273496","pt":1538818117776,"mc":[{"id":"1.149148739","rc":[{"ltp":1.77,"id":2309522}]}]}
{"op":"mcm","clk":"7655298554","pt":1538818238722,"mc":[{"id":"1.149148739","rc":[{"ltp":2.32,"id":6145777}]}]}
{"op":"mcm","clk":"7655351441","pt":1538818420741,"mc":[{"id":"1.149148739","rc":[{"ltp":1.78,"id":2309522},{"ltp":2.3,"id":6145777}]}]}
{"op":"mcm","clk":"7655372780","pt":1538818540415,"mc":[{"id":"1.149148739","rc":[{"ltp":2.28,"id":6145777}]}]}
{"op":"mcm","clk":"7655383209","pt":1538818598043,"mc":[{"id":"1.149148739","rc":[{"ltp":1.79,"id":2309522}]}]}
{"op":"mcm","clk":"7655394301","pt":1538818657435,"mc":[{"id":"1.149148739","rc":[{"ltp":1.78,"id":2309522}]}]}
{"op":"mcm","clk":"7655413823","pt":1538818767174,"mc":[{"id":"1.149148739","rc":[{"ltp":1.79,"id":2309522},{"ltp":2.3,"id":6145777}]}]}
{"op":"mcm","clk":"7655425504","pt":1538818830049,"mc":[{"id":"1.149148739","rc":[{"ltp":1.78,"id":2309522}]}]}
{"op":"mcm","clk":"7655435189","pt":1538818880838,"mc":[{"id":"1.149148739","rc":[{"ltp":1.77,"id":2309522}]}]}
{"op":"mcm","clk":"7655449803","pt":1538818958062,"mc":[{"id":"1.149148739","rc":[{"ltp":2.28,"id":6145777}]}]}
{"op":"mcm","clk":"7655529399","pt":1538819317171,"mc":[{"id":"1.149148739","rc":[{"ltp":1.78,"id":2309522}]}]}
{"op":"mcm","clk":"7655536921","pt":1538819367862,"mc":[{"id":"1.149148739","rc":[{"ltp":1.79,"id":2309522}]}]}
{"op":"mcm","clk":"7655544659","pt":1538819418448,"mc":[{"id":"1.149148739","rc":[{"ltp":2.26,"id":6145777}]}]}
{"op":"mcm","clk":"7655565692","pt":1538819560367,"mc":[{"id":"1.149148739","rc":[{"ltp":1.8,"id":2309522}]}]}
{"op":"mcm","clk":"7655574677","pt":1538819620488,"mc":[{"id":"1.149148739","rc":[{"ltp":1.79,"id":2309522},{"ltp":2.24,"id":6145777}]}]}
{"op":"mcm","clk":"7655593036","pt":1538819740444,"mc":[{"id":"1.149148739","rc":[{"ltp":1.8,"id":2309522},{"ltp":2.28,"id":6145777}]}]}
{"op":"mcm","clk":"7655600118","pt":1538819786590,"mc":[{"id":"1.149148739","rc":[{"ltp":1.79,"id":2309522}]}]}
{"op":"mcm","clk":"7655621105","pt":1538819920563,"mc":[{"id":"1.149148739","rc":[{"ltp":2.26,"id":6145777}]}]}
{"op":"mcm","clk":"7655633184","pt":1538820006877,"mc":[{"id":"1.149148739","rc":[{"ltp":1.78,"id":2309522}]}]}
{"op":"mcm","clk":"7655678437","pt":1538820177817,"mc":[{"id":"1.149148739","rc":[{"ltp":1.79,"id":2309522}]}]}
{"op":"mcm","clk":"7655694576","pt":1538820272120,"mc":[{"id":"1.149148739","rc":[{"ltp":1.78,"id":2309522}]}]}
{"op":"mcm","clk":"7655704832","pt":1538820338511,"mc":[{"id":"1.149148739","rc":[{"ltp":1.79,"id":2309522}]}]}
{"op":"mcm","clk":"7655764610","pt":1538820699071,"mc":[{"id":"1.149148739","rc":[{"ltp":1.78,"id":2309522}]}]}
{"op":"mcm","clk":"7655784341","pt":1538820808746,"mc":[{"id":"1.149148739","rc":[{"ltp":1.79,"id":2309522}]}]}
{"op":"mcm","clk":"7655819262","pt":1538820999812,"mc":[{"id":"1.149148739","rc":[{"ltp":1.8,"id":2309522}]}]}
{"op":"mcm","clk":"7655844971","pt":1538821053288,"mc":[{"id":"1.149148739","rc":[{"ltp":1.79,"id":2309522},{"ltp":2.28,"id":6145777}]}]}
{"op":"mcm","clk":"7655875338","pt":1538821237697,"mc":[{"id":"1.149148739","rc":[{"ltp":1.8,"id":2309522}]}]}
{"op":"mcm","clk":"7655881604","pt":1538821274119,"mc":[{"id":"1.149148739","rc":[{"ltp":1.79,"id":2309522},{"ltp":2.26,"id":6145777}]}]}
{"op":"mcm","clk":"7655901890","pt":1538821392349,"mc":[{"id":"1.149148739","rc":[{"ltp":1.8,"id":2309522}]}]}
{"op":"mcm","clk":"7655914385","pt":1538821464837,"mc":[{"id":"1.149148739","rc":[{"ltp":1.79,"id":2309522}]}]}
{"op":"mcm","clk":"7655937507","pt":1538821600241,"mc":[{"id":"1.149148739","rc":[{"ltp":1.78,"id":2309522}]}]}
{"op":"mcm","clk":"7655947731","pt":1538821660186,"mc":[{"id":"1.149148739","rc":[{"ltp":2.28,"id":6145777}]}]}
{"op":"mcm","clk":"7655956486","pt":1538821711305,"mc":[{"id":"1.149148739","rc":[{"ltp":1.79,"id":2309522}]}]}
{"op":"mcm","clk":"7655989192","pt":1538821898082,"mc":[{"id":"1.149148739","rc":[{"ltp":1.78,"id":2309522}]}]}
{"op":"mcm","clk":"7656016180","pt":1538821954215,"mc":[{"id":"1.149148739","rc":[{"ltp":1.79,"id":2309522}]}]}
{"op":"mcm","clk":"7656037969","pt":1538822076874,"mc":[{"id":"1.149148739","rc":[{"ltp":1.78,"id":2309522}]}]}
{"op":"mcm","clk":"7656071136","pt":1538822260363,"mc":[{"id":"1.149148739","rc":[{"ltp":1.77,"id":2309522}]}]}
{"op":"mcm","clk":"7656082313","pt":1538822320742,"mc":[{"id":"1.149148739","rc":[{"ltp":1.78,"id":2309522}]}]}
{"op":"mcm","clk":"7656092102","pt":1538822380713,"mc":[{"id":"1.149148739","rc":[{"ltp":1.77,"id":2309522}]}]}
{"op":"mcm","clk":"7656121159","pt":1538822540134,"mc":[{"id":"1.149148739","rc":[{"ltp":1.78,"id":2309522}]}]}
{"op":"mcm","clk":"7656136228","pt":1538822618710,"mc":[{"id":"1.149148739","rc":[{"ltp":2.26,"id":6145777}]}]}
{"op":"mcm","clk":"7656157867","pt":1538822740682,"mc":[{"id":"1.149148739","rc":[{"ltp":2.28,"id":6145777}]}]}
{"op":"mcm","clk":"7656201597","pt":1538822920323,"mc":[{"id":"1.149148739","rc":[{"ltp":1.79,"id":2309522}]}]}
{"op":"mcm","clk":"7656209339","pt":1538822980691,"mc":[{"id":"1.149148739","rc":[{"ltp":1.78,"id":2309522},{"ltp":2.26,"id":6145777}]}]}
{"op":"mcm","clk":"7656225756","pt":1538823100650,"mc":[{"id":"1.149148739","rc":[{"ltp":2.28,"id":6145777}]}]}
{"op":"mcm","clk":"7656248129","pt":1538823277345,"mc":[{"id":"1.149148739","rc":[{"ltp":1.79,"id":2309522}]}]}
{"op":"mcm","clk":"7656255611","pt":1538823336638,"mc":[{"id":"1.149148739","rc":[{"ltp":1.78,"id":2309522}]}]}
{"op":"mcm","clk":"7656271803","pt":1538823457947,"mc":[{"id":"1.149148739","rc":[{"ltp":1.79,"id":2309522},{"ltp":2.26,"id":6145777}]}]}
{"op":"mcm","clk":"7656288242","pt":1538823580702,"mc":[{"id":"1.149148739","rc":[{"ltp":1.78,"id":2309522}]}]}
{"op":"mcm","clk":"7656333804","pt":1538823760075,"mc":[{"id":"1.149148739","rc":[{"ltp":1.79,"id":2309522}]}]}
{"op":"mcm","clk":"7656342958","pt":1538823818080,"mc":[{"id":"1.149148739","rc":[{"ltp":1.78,"id":2309522}]}]}
{"op":"mcm","clk":"7656352203","pt":1538823873332,"mc":[{"id":"1.149148739","rc":[{"ltp":1.79,"id":2309522}]}]}
{"op":"mcm","clk":"7656382595","pt":1538824058996,"mc":[{"id":"1.149148739","rc":[{"ltp":1.78,"id":2309522}]}]}
{"op":"mcm","clk":"7656411403","pt":1538824221808,"mc":[{"id":"1.149148739","rc":[{"ltp":1.79,"id":2309522},{"ltp":2.3,"id":6145777}]}]}
{"op":"mcm","clk":"7656425313","pt":1538824299135,"mc":[{"id":"1.149148739","rc":[{"ltp":1.77,"id":2309522},{"ltp":2.28,"id":6145777}]}]}
{"op":"mcm","clk":"7656452656","pt":1538824450622,"mc":[{"id":"1.149148739","rc":[{"ltp":1.79,"id":2309522}]}]}
{"op":"mcm","clk":"7656479825","pt":1538824600599,"mc":[{"id":"1.149148739","rc":[{"ltp":2.26,"id":6145777}]}]}
{"op":"mcm","clk":"7656507641","pt":1538824659152,"mc":[{"id":"1.149148739","rc":[{"ltp":2.28,"id":6145777}]}]}
{"op":"mcm","clk":"7656517020","pt":1538824709526,"mc":[{"id":"1.149148739","rc":[{"ltp":2.26,"id":6145777}]}]}
{"op":"mcm","clk":"7656542373","pt":1538824840712,"mc":[{"id":"1.149148739","rc":[{"ltp":1.77,"id":2309522},{"ltp":2.3,"id":6145777}]}]}
{"op":"mcm","clk":"7656553494","pt":1538824896159,"mc":[{"id":"1.149148739","rc":[{"ltp":1.79,"id":2309522},{"ltp":2.28,"id":6145777}]}]}
{"op":"mcm","clk":"7656565175","pt":1538824959247,"mc":[{"id":"1.149148739","rc":[{"ltp":1.77,"id":2309522}]}]}
{"op":"mcm","clk":"7656576912","pt":1538825019312,"mc":[{"id":"1.149148739","rc":[{"ltp":1.78,"id":2309522},{"ltp":2.26,"id":6145777}]}]}
{"op":"mcm","clk":"7656588371","pt":1538825079679,"mc":[{"id":"1.149148739","marketDefinition":{"bspMarket":false,"turnInPlayEnabled":true,"persistenceEnabled":true,"marketBaseRate":5.0,"eventId":"28940682","eventTypeId":"2","numberOfWinners":1,"bettingType":"ODDS","marketType":"MATCH_ODDS","marketTime":"2018-10-06T11:24:00.000Z","suspendTime":"2018-10-06T11:24:00.000Z","bspReconciled":false,"complete":true,"inPlay":false,"crossMatching":true,"runnersVoidable":false,"numberOfActiveRunners":2,"betDelay":0,"status":"OPEN","runners":[{"status":"ACTIVE","sortPriority":1,"id":6145777,"name":"Qiang Wang"},{"status":"ACTIVE","sortPriority":2,"id":2309522,"name":"Caroline Wozniacki"}],"regulators":["MR_INT"],"countryCode":"CN","discountAllowed":true,"timezone":"UTC","openDate":"2018-10-06T11:24:00.000Z","version":2439923848,"name":"Match Odds","eventName":"Q Wang v Wozniacki"},"rc":[{"ltp":1.77,"id":2309522},{"ltp":2.28,"id":6145777}]}]}
{"op":"mcm","clk":"7656612473","pt":1538825197723,"mc":[{"id":"1.149148739","rc":[{"ltp":1.78,"id":2309522}]}]}
{"op":"mcm","clk":"7656625483","pt":1538825259541,"mc":[{"id":"1.149148739","rc":[{"ltp":2.3,"id":6145777}]}]}
{"op":"mcm","clk":"7656636052","pt":1538825312849,"mc":[{"id":"1.149148739","rc":[{"ltp":1.77,"id":2309522},{"ltp":2.28,"id":6145777}]}]}
{"op":"mcm","clk":"7656648905","pt":1538825378771,"mc":[{"id":"1.149148739","rc":[{"ltp":2.3,"id":6145777}]}]}
{"op":"mcm","clk":"7656660719","pt":1538825440443,"mc":[{"id":"1.149148739","rc":[{"ltp":1.76,"id":2309522},{"ltp":2.28,"id":6145777}]}]}
{"op":"mcm","clk":"7656672404","pt":1538825497424,"mc":[{"id":"1.149148739","rc":[{"ltp":1.77,"id":2309522}]}]}
{"op":"mcm","clk":"7656701407","pt":1538825558225,"mc":[{"id":"1.149148739","rc":[{"ltp":1.76,"id":2309522},{"ltp":2.3,"id":6145777}]}]}
{"op":"mcm","clk":"7656713044","pt":1538825618794,"mc":[{"id":"1.149148739","rc":[{"ltp":1.78,"id":2309522},{"ltp":2.28,"id":6145777}]}]}
{"op":"mcm","clk":"7656724870","pt":1538825680709,"mc":[{"id":"1.149148739","rc":[{"ltp":1.77,"id":2309522},{"ltp":2.3,"id":6145777}]}]}
{"op":"mcm","clk":"7656736555","pt":1538825740275,"mc":[{"id":"1.149148739","rc":[{"ltp":1.8,"id":2309522},{"ltp":2.26,"id":6145777}]}]}
{"op":"mcm","clk":"7656748112","pt":1538825800461,"mc":[{"id":"1.149148739","rc":[{"ltp":2.24,"id":6145777}]}]}
{"op":"mcm","clk":"7656760392","pt":1538825860241,"mc":[{"id":"1.149148739","rc":[{"ltp":1.78,"id":2309522},{"ltp":2.26,"id":6145777}]}]}
{"op":"mcm","clk":"7656784115","pt":1538825980618,"mc":[{"id":"1.149148739","rc":[{"ltp":2.28,"id":6145777}]}]}
{"op":"mcm","clk":"7656796744","pt":1538826040513,"mc":[{"id":"1.149148739","marketDefinition":{"bspMarket":false,"turnInPlayEnabled":true,"persistenceEnabled":true,"marketBaseRate":5.0,"eventId":"28940682","eventTypeId":"2","numberOfWinners":1,"bettingType":"ODDS","marketType":"MATCH_ODDS","marketTime":"2018-10-06T11:24:00.000Z","suspendTime":"2018-10-06T11:24:00.000Z","bspReconciled":false,"complete":true,"inPlay":true,"crossMatching":true,"runnersVoidable":false,"numberOfActiveRunners":2,"betDelay":5,"status":"OPEN","runners":[{"status":"ACTIVE","sortPriority":1,"id":6145777,"name":"Qiang Wang"},{"status":"ACTIVE","sortPriority":2,"id":2309522,"name":"Caroline Wozniacki"}],"regulators":["MR_INT"],"countryCode":"CN","discountAllowed":true,"timezone":"UTC","openDate":"2018-10-06T11:24:00.000Z","version":2439971741,"name":"Match Odds","eventName":"Q Wang v Wozniacki"},"rc":[{"ltp":1.88,"id":2309522},{"ltp":2.12,"id":6145777}]}]}
{"op":"mcm","clk":"7656809291","pt":1538826100217,"mc":[{"id":"1.149148739","rc":[{"ltp":1.73,"id":2309522},{"ltp":2.36,"id":6145777}]}]}
{"op":"mcm","clk":"7656822283","pt":1538826160689,"mc":[{"id":"1.149148739","rc":[{"ltp":1.84,"id":2309522},{"ltp":2.16,"id":6145777}]}]}
{"op":"mcm","clk":"7656835515","pt":1538826220399,"mc":[{"id":"1.149148739","rc":[{"ltp":1.67,"id":2309522},{"ltp":2.5,"id":6145777}]}]}
{"op":"mcm","clk":"7656848811","pt":1538826280657,"mc":[{"id":"1.149148739","rc":[{"ltp":1.6,"id":2309522},{"ltp":2.66,"id":6145777}]}]}
{"op":"mcm","clk":"7656861819","pt":1538826340432,"mc":[{"id":"1.149148739","rc":[{"ltp":1.48,"id":2309522},{"ltp":3.05,"id":6145777}]}]}
{"op":"mcm","clk":"7656873772","pt":1538826400724,"mc":[{"id":"1.149148739","rc":[{"ltp":3.1,"id":6145777}]}]}
{"op":"mcm","clk":"7656901994","pt":1538826460716,"mc":[{"id":"1.149148739","rc":[{"ltp":1.68,"id":2309522},{"ltp":2.46,"id":6145777}]}]}
{"op":"mcm","clk":"7656912793","pt":1538826520347,"mc":[{"id":"1.149148739","rc":[{"ltp":1.6,"id":2309522},{"ltp":2.64,"id":6145777}]}]}
{"op":"mcm","clk":"7656923220","pt":1538826580520,"mc":[{"id":"1.149148739","rc":[{"ltp":1.41,"id":2309522},{"ltp":3.45,"id":6145777}]}]}
{"op":"mcm","clk":"7656933577","pt":1538826640584,"mc":[{"id":"1.149148739","rc":[{"ltp":1.39,"id":2309522},{"ltp":3.65,"id":6145777}]}]}
{"op":"mcm","clk":"7656943374","pt":1538826700472,"mc":[{"id":"1.149148739","rc":[{"ltp":1.4,"id":2309522},{"ltp":3.5,"id":6145777}]}]}
{"op":"mcm","clk":"7656952988","pt":1538826760734,"mc":[{"id":"1.149148739","rc":[{"ltp":1.34,"id":2309522},{"ltp":3.95,"id":6145777}]}]}
{"op":"mcm","clk":"7656962741","pt":1538826820335,"mc":[{"id":"1.149148739","rc":[{"ltp":1.33,"id":2309522},{"ltp":4.0,"id":6145777}]}]}
{"op":"mcm","clk":"7656973220","pt":1538826879310,"mc":[{"id":"1.149148739","rc":[{"ltp":1.34,"id":2309522},{"ltp":3.95,"id":6145777}]}]}
{"op":"mcm","clk":"7656984014","pt":1538826940571,"mc":[{"id":"1.149148739","rc":[{"ltp":1.37,"id":2309522},{"ltp":3.8,"id":6145777}]}]}
{"op":"mcm","clk":"7656993688","pt":1538827000736,"mc":[{"id":"1.149148739","rc":[{"ltp":1.4,"id":2309522},{"ltp":3.6,"id":6145777}]}]}
{"op":"mcm","clk":"7657002950","pt":1538827060342,"mc":[{"id":"1.149148739","rc":[{"ltp":1.34,"id":2309522},{"ltp":3.65,"id":6145777}]}]}
{"op":"mcm","clk":"7657013349","pt":1538827120745,"mc":[{"id":"1.149148739","rc":[{"ltp":1.37,"id":2309522},{"ltp":3.75,"id":6145777}]}]}
{"op":"mcm","clk":"7657024371","pt":1538827179903,"mc":[{"id":"1.149148739","rc":[{"ltp":1.32,"id":2309522},{"ltp":4.0,"id":6145777}]}]}
{"op":"mcm","clk":"7657035057","pt":1538827240571,"mc":[{"id":"1.149148739","rc":[{"ltp":1.33,"id":2309522},{"ltp":3.7,"id":6145777}]}]}
{"op":"mcm","clk":"7657046989","pt":1538827300689,"mc":[{"id":"1.149148739","rc":[{"ltp":1.4,"id":2309522},{"ltp":3.55,"id":6145777}]}]}
{"op":"mcm","clk":"7657088120","pt":1538827420738,"mc":[{"id":"1.149148739","rc":[{"ltp":1.39,"id":2309522},{"ltp":3.9,"id":6145777}]}]}
{"op":"mcm","clk":"7657100391","pt":1538827480575,"mc":[{"id":"1.149148739","rc":[{"ltp":1.49,"id":2309522},{"ltp":3.15,"id":6145777}]}]}
{"op":"mcm","clk":"7657113039","pt":1538827540572,"mc":[{"id":"1.149148739","rc":[{"ltp":1.41,"id":2309522},{"ltp":3.1,"id":6145777}]}]}
{"op":"mcm","clk":"7657125658","pt":1538827600495,"mc":[{"id":"1.149148739","rc":[{"ltp":1.48,"id":2309522}]}]}
{"op":"mcm","clk":"7657137970","pt":1538827660668,"mc":[{"id":"1.149148739","rc":[{"ltp":1.4,"id":2309522},{"ltp":3.4,"id":6145777}]}]}
{"op":"mcm","clk":"7657150472","pt":1538827720419,"mc":[{"id":"1.149148739","rc":[{"ltp":1.41,"id":2309522},{"ltp":3.5,"id":6145777}]}]}
{"op":"mcm","clk":"7657163181","pt":1538827780429,"mc":[{"id":"1.149148739","rc":[{"ltp":1.35,"id":2309522},{"ltp":3.75,"id":6145777}]}]}
{"op":"mcm","clk":"7657176037","pt":1538827840104,"mc":[{"id":"1.149148739","rc":[{"ltp":1.33,"id":2309522},{"ltp":4.0,"id":6145777}]}]}
{"op":"mcm","clk":"7657189272","pt":1538827900263,"mc":[{"id":"1.149148739","rc":[{"ltp":4.1,"id":6145777}]}]}
{"op":"mcm","clk":"7657202660","pt":1538827960649,"mc":[{"id":"1.149148739","rc":[{"ltp":1.26,"id":2309522},{"ltp":4.8,"id":6145777}]}]}
{"op":"mcm","clk":"7657215728","pt":1538828020567,"mc":[{"id":"1.149148739","rc":[{"ltp":1.21,"id":2309522},{"ltp":5.6,"id":6145777}]}]}
{"op":"mcm","clk":"7657229179","pt":1538828080722,"mc":[{"id":"1.149148739","rc":[{"ltp":1.22,"id":2309522},{"ltp":5.8,"id":6145777}]}]}
{"op":"mcm","clk":"7657241329","pt":1538828140517,"mc":[{"id":"1.149148739","rc":[{"ltp":1.2,"id":2309522},{"ltp":5.7,"id":6145777}]}]}
{"op":"mcm","clk":"7657253620","pt":1538828200584,"mc":[{"id":"1.149148739","rc":[{"ltp":6.0,"id":6145777}]}]}
{"op":"mcm","clk":"7657282157","pt":1538828260541,"mc":[{"id":"1.149148739","rc":[{"ltp":1.19,"id":2309522},{"ltp":6.2,"id":6145777}]}]}
{"op":"mcm","clk":"7657318341","pt":1538828440052,"mc":[{"id":"1.149148739","rc":[{"ltp":1.18,"id":2309522}]}]}
{"op":"mcm","clk":"7657330904","pt":1538828500592,"mc":[{"id":"1.149148739","rc":[{"ltp":1.19,"id":2309522}]}]}
{"op":"mcm","clk":"7657342682","pt":1538828560586,"mc":[{"id":"1.149148739","rc":[{"ltp":1.11,"id":2309522},{"ltp":10.0,"id":6145777}]}]}
{"op":"mcm","clk":"7657355075","pt":1538828620729,"mc":[{"id":"1.149148739","rc":[{"ltp":1.09,"id":2309522},{"ltp":11.0,"id":6145777}]}]}
{"op":"mcm","clk":"7657367203","pt":1538828680730,"mc":[{"id":"1.149148739","rc":[{"ltp":1.11,"id":2309522}]}]}
{"op":"mcm","clk":"7657379425","pt":1538828740511,"mc":[{"id":"1.149148739","rc":[{"ltp":1.13,"id":2309522},{"ltp":8.8,"id":6145777}]}]}
{"op":"mcm","clk":"7657391459","pt":1538828800214,"mc":[{"id":"1.149148739","rc":[{"ltp":1.14,"id":2309522},{"ltp":8.0,"id":6145777}]}]}
{"op":"mcm","clk":"7657403491","pt":1538828860298,"mc":[{"id":"1.149148739","rc":[{"ltp":1.1,"id":2309522},{"ltp":9.8,"id":6145777}]}]}
{"op":"mcm","clk":"7657416639","pt":1538828919041,"mc":[{"id":"1.149148739","rc":[{"ltp":1.12,"id":2309522},{"ltp":9.2,"id":6145777}]}]}
{"op":"mcm","clk":"7657430365","pt":1538828979914,"mc":[{"id":"1.149148739","rc":[{"ltp":1.16,"id":2309522},{"ltp":7.4,"id":6145777}]}]}
{"op":"mcm","clk":"7657443665","pt":1538829040200,"mc":[{"id":"1.149148739","rc":[{"ltp":1.1,"id":2309522},{"ltp":9.4,"id":6145777}]}]}
{"op":"mcm","clk":"7657456869","pt":1538829100697,"mc":[{"id":"1.149148739","rc":[{"ltp":1.08,"id":2309522},{"ltp":14.0,"id":6145777}]}]}
{"op":"mcm","clk":"7657487305","pt":1538829160266,"mc":[{"id":"1.149148739","rc":[{"ltp":13.5,"id":6145777}]}]}
{"op":"mcm","clk":"7657513999","pt":1538829280607,"mc":[{"id":"1.149148739","rc":[{"ltp":1.09,"id":2309522},{"ltp":12.0,"id":6145777}]}]}
{"op":"mcm","clk":"7657526916","pt":1538829340693,"mc":[{"id":"1.149148739","rc":[{"ltp":1.08,"id":2309522}]}]}
{"op":"mcm","clk":"7657539960","pt":1538829400527,"mc":[{"id":"1.149148739","rc":[{"ltp":1.11,"id":2309522},{"ltp":10.5,"id":6145777}]}]}
{"op":"mcm","clk":"7657553072","pt":1538829460504,"mc":[{"id":"1.149148739","rc":[{"ltp":1.1,"id":2309522}]}]}
{"op":"mcm","clk":"7657566509","pt":1538829520602,"mc":[{"id":"1.149148739","rc":[{"ltp":1.13,"id":2309522},{"ltp":8.8,"id":6145777}]}]}
{"op":"mcm","clk":"7657579796","pt":1538829580688,"mc":[{"id":"1.149148739","rc":[{"ltp":1.15,"id":2309522},{"ltp":7.6,"id":6145777}]}]}
{"op":"mcm","clk":"7657593454","pt":1538829640354,"mc":[{"id":"1.149148739","rc":[{"ltp":1.16,"id":2309522},{"ltp":6.2,"id":6145777}]}]}
{"op":"mcm","clk":"7657607811","pt":1538829700732,"mc":[{"id":"1.149148739","rc":[{"ltp":1.22,"id":2309522},{"ltp":5.4,"id":6145777}]}]}
{"op":"mcm","clk":"7657621991","pt":1538829760670,"mc":[{"id":"1.149148739","rc":[{"ltp":1.26,"id":2309522},{"ltp":4.8,"id":6145777}]}]}
{"op":"mcm","clk":"7657635162","pt":1538829820263,"mc":[{"id":"1.149148739","rc":[{"ltp":1.3,"id":2309522},{"ltp":4.3,"id":6145777}]}]}
{"op":"mcm","clk":"7657648744","pt":1538829880644,"mc":[{"id":"1.149148739","rc":[{"ltp":1.33,"id":2309522},{"ltp":3.9,"id":6145777}]}]}
{"op":"mcm","clk":"7657662493","pt":1538829940205,"mc":[{"id":"1.149148739","rc":[{"ltp":1.35,"id":2309522},{"ltp":3.8,"id":6145777}]}]}
{"op":"mcm","clk":"7657675671","pt":1538830000711,"mc":[{"id":"1.149148739","rc":[{"ltp":1.34,"id":2309522},{"ltp":3.85,"id":6145777}]}]}
{"op":"mcm","clk":"7657704839","pt":1538830060388,"mc":[{"id":"1.149148739","rc":[{"ltp":1.31,"id":2309522},{"ltp":4.1,"id":6145777}]}]}
{"op":"mcm","clk":"7657715208","pt":1538830120604,"mc":[{"id":"1.149148739","rc":[{"ltp":1.27,"id":2309522},{"ltp":4.6,"id":6145777}]}]}
{"op":"mcm","clk":"7657725590","pt":1538830180548,"mc":[{"id":"1.149148739","rc":[{"ltp":1.24,"id":2309522},{"ltp":5.3,"id":6145777}]}]}
{"op":"mcm","clk":"7657736025","pt":1538830240723,"mc":[{"id":"1.149148739","rc":[{"ltp":1.15,"id":2309522},{"ltp":6.4,"id":6145777}]}]}
{"op":"mcm","clk":"7657747001","pt":1538830300574,"mc":[{"id":"1.149148739","rc":[{"ltp":1.1,"id":2309522},{"ltp":11.0,"id":6145777}]}]}
{"op":"mcm","clk":"7657756451","pt":1538830360311,"mc":[{"id":"1.149148739","rc":[{"ltp":1.08,"id":2309522},{"ltp":12.5,"id":6145777}]}]}
{"op":"mcm","clk":"7657765193","pt":1538830419213,"mc":[{"id":"1.149148739","rc":[{"ltp":1.09,"id":2309522}]}]}
{"op":"mcm","clk":"7657774361","pt":1538830480673,"mc":[{"id":"1.149148739","rc":[{"ltp":1.06,"id":2309522},{"ltp":15.0,"id":6145777}]}]}
{"op":"mcm","clk":"7657783246","pt":1538830539946,"mc":[{"id":"1.149148739","rc":[{"ltp":1.04,"id":2309522},{"ltp":21.0,"id":6145777}]}]}
{"op":"mcm","clk":"7657792767","pt":1538830599823,"mc":[{"id":"1.149148739","rc":[{"ltp":22.0,"id":6145777}]}]}
{"op":"mcm","clk":"7657801942","pt":1538830660386,"mc":[{"id":"1.149148739","rc":[{"ltp":1.06,"id":2309522},{"ltp":17.5,"id":6145777}]}]}
{"op":"mcm","clk":"7657811787","pt":1538830720518,"mc":[{"id":"1.149148739","rc":[{"ltp":1.03,"id":2309522},{"ltp":27.0,"id":6145777}]}]}
{"op":"mcm","clk":"7657821551","pt":1538830780656,"mc":[{"id":"1.149148739","rc":[{"ltp":26.0,"id":6145777}]}]}
{"op":"mcm","clk":"7657831770","pt":1538830840589,"mc":[{"id":"1.149148739","rc":[{"ltp":36.0,"id":6145777}]}]}
{"op":"mcm","clk":"7657841966","pt":1538830899309,"mc":[{"id":"1.149148739","rc":[{"ltp":1.04,"id":2309522},{"ltp":27.0,"id":6145777}]}]}
{"op":"mcm","clk":"7657870446","pt":1538830960495,"mc":[{"id":"1.149148739","rc":[{"ltp":1.02,"id":2309522},{"ltp":55.0,"id":6145777}]}]}
{"op":"mcm","clk":"7657878971","pt":1538831006295,"mc":[{"id":"1.149148739","marketDefinition":{"bspMarket":false,"turnInPlayEnabled":true,"persistenceEnabled":true,"marketBaseRate":5.0,"eventId":"28940682","eventTypeId":"2","numberOfWinners":1,"bettingType":"ODDS","marketType":"MATCH_ODDS","marketTime":"2018-10-06T11:24:00.000Z","suspendTime":"2018-10-06T11:24:00.000Z","bspReconciled":false,"complete":true,"inPlay":true,"crossMatching":true,"runnersVoidable":false,"numberOfActiveRunners":2,"betDelay":5,"status":"SUSPENDED","runners":[{"status":"ACTIVE","sortPriority":1,"id":6145777,"name":"Qiang Wang"},{"status":"ACTIVE","sortPriority":2,"id":2309522,"name":"Caroline Wozniacki"}],"regulators":["MR_INT"],"countryCode":"CN","discountAllowed":true,"timezone":"UTC","openDate":"2018-10-06T11:24:00.000Z","version":2440228466,"name":"Match Odds","eventName":"Q Wang v Wozniacki"},"rc":[{"ltp":1.01,"id":2309522}]}]}
{"op":"mcm","clk":"7657886739","pt":1538831050522,"mc":[{"id":"1.149148739","marketDefinition":{"bspMarket":false,"turnInPlayEnabled":true,"persistenceEnabled":true,"marketBaseRate":5.0,"eventId":"28940682","eventTypeId":"2","numberOfWinners":1,"bettingType":"ODDS","marketType":"MATCH_ODDS","marketTime":"2018-10-06T11:24:00.000Z","suspendTime":"2018-10-06T11:24:00.000Z","bspReconciled":false,"complete":true,"inPlay":true,"crossMatching":false,"runnersVoidable":false,"numberOfActiveRunners":0,"betDelay":5,"status":"CLOSED","settledTime":"2018-10-06T13:03:23.000Z","runners":[{"status":"LOSER","sortPriority":1,"id":6145777,"name":"Qiang Wang"},{"status":"WINNER","sortPriority":2,"id":2309522,"name":"Caroline Wozniacki"}],"regulators":["MR_INT"],"countryCode":"CN","discountAllowed":true,"timezone":"UTC","openDate":"2018-10-06T11:24:00.000Z","version":2440229206,"name":"Match Odds","eventName":"Q Wang v Wozniacki"}}]}
