{"op":"mcm","clk":"7749867990","pt":1539893094476,"mc":[{"id":"1.149808516","marketDefinition":{"bspMarket":false,"turnInPlayEnabled":true,"persistenceEnabled":true,"marketBaseRate":5.0,"eventId":"28963722","eventTypeId":"2","numberOfWinners":1,"bettingType":"ODDS","marketType":"MATCH_ODDS","marketTime":"2018-10-19T16:30:00.000Z","suspendTime":"2018-10-19T16:30:00.000Z","bspReconciled":false,"complete":true,"inPlay":false,"crossMatching":true,"runnersVoidable":false,"numberOfActiveRunners":2,"betDelay":0,"status":"OPEN","runners":[{"status":"ACTIVE","sortPriority":1,"id":2257300,"name":"Gael Monfils"},{"status":"ACTIVE","sortPriority":2,"id":4903598,"name":"Vasek Pospisil"}],"regulators":["MR_INT"],"countryCode":"BE","discountAllowed":true,"timezone":"UTC","openDate":"2018-10-19T16:30:00.000Z","version":2460929594,"name":"Match Odds","eventName":"Monfils v V Pospisil"}}]}
{"op":"mcm","clk":"7750641154","pt":1539902850706,"mc":[{"id":"1.149808516","rc":[{"ltp":1.65,"id":2257300}]}]}
{"op":"mcm","clk":"7750645510","pt":1539902936101,"mc":[{"id":"1.149808516","rc":[{"ltp":1.66,"id":2257300}]}]}
{"op":"mcm","clk":"7750676871","pt":1539903551160,"mc":[{"id":"1.149808516","rc":[{"ltp":2.26,"id":4903598}]}]}
{"op":"mcm","clk":"7750766124","pt":1539904759225,"mc":[{"id":"1.149808516","rc":[{"ltp":1.67,"id":2257300}]}]}
{"op":"mcm","clk":"7750876227","pt":1539906695777,"mc":[{"id":"1.149808516","rc":[{"ltp":1.71,"id":2257300},{"ltp":2.4,"id":4903598}]}]}
{"op":"mcm","clk":"7751482698","pt":1539915084663,"mc":[{"id":"1.149808516","rc":[{"ltp":1.74,"id":2257300},{"ltp":2.34,"id":4903598}]}]}
{"op":"mcm","clk":"7751561411","pt":1539916191047,"mc":[{"id":"1.149808516","rc":[{"ltp":1.77,"id":2257300}]}]}
{"op":"mcm","clk":"7751872340","pt":1539920791342,"mc":[{"id":"1.149808516","rc":[{"ltp":2.3,"id":4903598}]}]}
{"op":"mcm","clk":"7752342964","pt":1539927145535,"mc":[{"id":"1.149808516","rc":[{"ltp":1.73,"id":2257300},{"ltp":2.34,"id":4903598}]}]}
{"op":"mcm","clk":"7752438065","pt":1539928302613,"mc":[{"id":"1.149808516","rc":[{"ltp":1.72,"id":2257300}]}]}
{"op":"mcm","clk":"7752556385","pt":1539929665357,"mc":[{"id":"1.149808516","rc":[{"ltp":1.74,"id":2257300}]}]}
{"op":"mcm","clk":"7752675520","pt":1539930969520,"mc":[{"id":"1.149808516","rc":[{"ltp":1.71,"id":2257300}]}]}
{"op":"mcm","clk":"7752765030","pt":1539932148903,"mc":[{"id":"1.149808516","rc":[{"ltp":2.4,"id":4903598}]}]}
{"op":"mcm","clk":"7752767660","pt":1539932199478,"mc":[{"id":"1.149808516","rc":[{"ltp":1.73,"id":2257300}]}]}
{"op":"mcm","clk":"7752782351","pt":1539932453424,"mc":[{"id":"1.149808516","rc":[{"ltp":1.7,"id":2257300}]}]}
{"op":"mcm","clk":"7752890746","pt":1539933646452,"mc":[{"id":"1.149808516","rc":[{"ltp":2.42,"id":4903598}]}]}
{"op":"mcm","clk":"7753047600","pt":1539935245518,"mc":[{"id":"1.149808516","rc":[{"ltp":2.38,"id":4903598}]}]}
{"op":"mcm","clk":"7753168810","pt":1539936353988,"mc":[{"id":"1.149808516","rc":[{"ltp":1.73,"id":2257300}]}]}
{"op":"mcm","clk":"7753173026","pt":1539936401428,"mc":[{"id":"1.149808516","rc":[{"ltp":1.7,"id":2257300}]}]}
{"op":"mcm","clk":"7753424511","pt":1539938692397,"mc":[{"id":"1.149808516","rc":[{"ltp":1.72,"id":2257300}]}]}
{"op":"mcm","clk":"7753436721","pt":1539938812362,"mc":[{"id":"1.149808516","rc":[{"ltp":1.7,"id":2257300},{"ltp":2.42,"id":4903598}]}]}
{"op":"mcm","clk":"7753468768","pt":1539938933012,"mc":[{"id":"1.149808516","rc":[{"ltp":1.68,"id":2257300}]}]}
{"op":"mcm","clk":"7753648702","pt":1539940551329,"mc":[{"id":"1.149808516","rc":[{"ltp":1.67,"id":2257300},{"ltp":2.5,"id":4903598}]}]}
{"op":"mcm","clk":"7753656658","pt":1539940614841,"mc":[{"id":"1.149808516","rc":[{"ltp":2.52,"id":4903598}]}]}
{"op":"mcm","clk":"7753719660","pt":1539940993334,"mc":[{"id":"1.149808516","rc":[{"ltp":1.66,"id":2257300}]}]}
{"op":"mcm","clk":"7753774993","pt":1539941433963,"mc":[{"id":"1.149808516","rc":[{"ltp":1.65,"id":2257300}]}]}
{"op":"mcm","clk":"7753783948","pt":1539941512351,"mc":[{"id":"1.149808516","rc":[{"ltp":1.67,"id":2257300}]}]}
{"op":"mcm","clk":"7753903313","pt":1539942380834,"mc":[{"id":"1.149808516","rc":[{"ltp":1.65,"id":2257300}]}]}
{"op":"mcm","clk":"7754047106","pt":1539943346506,"mc":[{"id":"1.149808516","rc":[{"ltp":1.67,"id":2257300},{"ltp":2.5,"id":4903598}]}]}
{"op":"mcm","clk":"7754204321","pt":1539944495099,"mc":[{"id":"1.149808516","rc":[{"ltp":1.65,"id":2257300}]}]}
{"op":"mcm","clk":"7754241381","pt":1539944830468,"mc":[{"id":"1.149808516","rc":[{"ltp":1.66,"id":2257300}]}]}
{"op":"mcm","clk":"7754312484","pt":1539945259897,"mc":[{"id":"1.149808516","rc":[{"ltp":1.64,"id":2257300}]}]}
{"op":"mcm","clk":"7754377941","pt":1539945774689,"mc":[{"id":"1.149808516","rc":[{"ltp":1.66,"id":2257300}]}]}
{"op":"mcm","clk":"7754450459","pt":1539946232923,"mc":[{"id":"1.149808516","rc":[{"ltp":1.65,"id":2257300}]}]}
{"op":"mcm","clk":"7754480834","pt":1539946523890,"mc":[{"id":"1.149808516","rc":[{"ltp":1.66,"id":2257300}]}]}
{"op":"mcm","clk":"7754984237","pt":1539949588807,"mc":[{"id":"1.149808516","rc":[{"ltp":1.65,"id":2257300}]}]}
{"op":"mcm","clk":"7755210063","pt":1539950897431,"mc":[{"id":"1.149808516","rc":[{"ltp":2.52,"id":4903598}]}]}
{"op":"mcm","clk":"7755410841","pt":1539952252180,"mc":[{"id":"1.149808516","rc":[{"ltp":1.64,"id":2257300},{"ltp":2.54,"id":4903598}]}]}
{"op":"mcm","clk":"7755775649","pt":1539954650333,"mc":[{"id":"1.149808516","rc":[{"ltp":1.65,"id":2257300},{"ltp":2.52,"id":4903598}]}]}
{"op":"mcm","clk":"7755806682","pt":1539954894661,"mc":[{"id":"1.149808516","rc":[{"ltp":2.54,"id":4903598}]}]}
{"op":"mcm","clk":"7755813891","pt":1539954953061,"mc":[{"id":"1.149808516","rc":[{"ltp":1.63,"id":2257300}]}]}
{"op":"mcm","clk":"7755840399","pt":1539955030366,"mc":[{"id":"1.149808516","rc":[{"ltp":1.64,"id":2257300}]}]}
{"op":"mcm","clk":"7755872990","pt":1539955314914,"mc":[{"id":"1.149808516","rc":[{"ltp":1.63,"id":2257300}]}]}
{"op":"mcm","clk":"7755930877","pt":1539955778838,"mc":[{"id":"1.149808516","rc":[{"ltp":1.64,"id":2257300},{"ltp":2.56,"id":4903598}]}]}
{"op":"mcm","clk":"7755936990","pt":1539955819778,"mc":[{"id":"1.149808516","rc":[{"ltp":1.65,"id":2257300}]}]}
{"op":"mcm","clk":"7756123909","pt":1539957024659,"mc":[{"id":"1.149808516","rc":[{"ltp":1.64,"id":2257300}]}]}
{"op":"mcm","clk":"7756146566","pt":1539957212481,"mc":[{"id":"1.149808516","rc":[{"ltp":1.63,"id":2257300}]}]}
{"op":"mcm","clk":"7756176661","pt":1539957467953,"mc":[{"id":"1.149808516","rc":[{"ltp":1.64,"id":2257300}]}]}
{"op":"mcm","clk":"7756240387","pt":1539957834566,"mc":[{"id":"1.149808516","rc":[{"ltp":1.63,"id":2257300},{"ltp":2.58,"id":4903598}]}]}
{"op":"mcm","clk":"7756248801","pt":1539957896035,"mc":[{"id":"1.149808516","rc":[{"ltp":1.64,"id":2257300}]}]}
{"op":"mcm","clk":"7756254813","pt":1539957940491,"mc":[{"id":"1.149808516","rc":[{"ltp":1.63,"id":2257300}]}]}
{"op":"mcm","clk":"7756265328","pt":1539958015180,"mc":[{"id":"1.149808516","rc":[{"ltp":1.62,"id":2257300},{"ltp":2.6,"id":4903598}]}]}
{"op":"mcm","clk":"7756269519","pt":1539958043934,"mc":[{"id":"1.149808516","rc":[{"ltp":1.63,"id":2257300},{"ltp":2.62,"id":4903598}]}]}
{"op":"mcm","clk":"7756282436","pt":1539958135461,"mc":[{"id":"1.149808516","rc":[{"ltp":1.64,"id":2257300},{"ltp":2.56,"id":4903598}]}]}
{"op":"mcm","clk":"7756290516","pt":1539958192491,"mc":[{"id":"1.149808516","rc":[{"ltp":1.63,"id":2257300}]}]}
{"op":"mcm","clk":"7756295789","pt":1539958230014,"mc":[{"id":"1.149808516","rc":[{"ltp":1.62,"id":2257300},{"ltp":2.62,"id":4903598}]}]}
{"op":"mcm","clk":"7756315218","pt":1539958374872,"mc":[{"id":"1.149808516","rc":[{"ltp":1.63,"id":2257300},{"ltp":2.6,"id":4903598}]}]}
{"op":"mcm","clk":"7756323549","pt":1539958434082,"mc":[{"id":"1.149808516","rc":[{"ltp":1.62,"id":2257300}]}]}
{"op":"mcm","clk":"7756376961","pt":1539958680273,"mc":[{"id":"1.149808516","rc":[{"ltp":1.61,"id":2257300}]}]}
{"op":"mcm","clk":"7756452942","pt":1539959260912,"mc":[{"id":"1.149808516","rc":[{"ltp":1.62,"id":2257300}]}]}
{"op":"mcm","clk":"7756461531","pt":1539959325235,"mc":[{"id":"1.149808516","rc":[{"ltp":2.64,"id":4903598}]}]}
{"op":"mcm","clk":"7756478655","pt":1539959452534,"mc":[{"id":"1.149808516","rc":[{"ltp":1.61,"id":2257300}]}]}
{"op":"mcm","clk":"7756484128","pt":1539959492694,"mc":[{"id":"1.149808516","rc":[{"ltp":1.62,"id":2257300}]}]}
{"op":"mcm","clk":"7756531527","pt":1539959695978,"mc":[{"id":"1.149808516","rc":[{"ltp":1.61,"id":2257300}]}]}
{"op":"mcm","clk":"7756592872","pt":1539960113137,"mc":[{"id":"1.149808516","rc":[{"ltp":1.6,"id":2257300}]}]}
{"op":"mcm","clk":"7756596362","pt":1539960135228,"mc":[{"id":"1.149808516","rc":[{"ltp":1.61,"id":2257300}]}]}
{"op":"mcm","clk":"7756684853","pt":1539960585964,"mc":[{"id":"1.149808516","rc":[{"ltp":1.62,"id":2257300}]}]}
{"op":"mcm","clk":"7756700137","pt":1539960700781,"mc":[{"id":"1.149808516","rc":[{"ltp":2.6,"id":4903598}]}]}
{"op":"mcm","clk":"7756713235","pt":1539960793929,"mc":[{"id":"1.149808516","rc":[{"ltp":1.61,"id":2257300}]}]}
{"op":"mcm","clk":"7756766856","pt":1539961188453,"mc":[{"id":"1.149808516","rc":[{"ltp":1.62,"id":2257300}]}]}
{"op":"mcm","clk":"7756785440","pt":1539961312414,"mc":[{"id":"1.149808516","rc":[{"ltp":1.61,"id":2257300}]}]}
{"op":"mcm","clk":"7756813555","pt":1539961375884,"mc":[{"id":"1.149808516","rc":[{"ltp":2.64,"id":4903598}]}]}
{"op":"mcm","clk":"7756847623","pt":1539961604114,"mc":[{"id":"1.149808516","rc":[{"ltp":1.62,"id":2257300}]}]}
{"op":"mcm","clk":"7756865071","pt":1539961720980,"mc":[{"id":"1.149808516","rc":[{"ltp":1.61,"id":2257300}]}]}
{"op":"mcm","clk":"7756899591","pt":1539961969351,"mc":[{"id":"1.149808516","rc":[{"ltp":1.62,"id":2257300}]}]}
{"op":"mcm","clk":"7756918311","pt":1539962094830,"mc":[{"id":"1.149808516","rc":[{"ltp":1.61,"id":2257300}]}]}
{"op":"mcm","clk":"7756934781","pt":1539962204432,"mc":[{"id":"1.149808516","rc":[{"ltp":1.62,"id":2257300},{"ltp":2.6,"id":4903598}]}]}
{"op":"mcm","clk":"7756981499","pt":1539962395765,"mc":[{"id":"1.149808516","rc":[{"ltp":1.66,"id":2257300},{"ltp":2.52,"id":4903598}]}]}
{"op":"mcm","clk":"7756994473","pt":1539962456131,"mc":[{"id":"1.149808516","rc":[{"ltp":2.46,"id":4903598}]}]}
{"op":"mcm","clk":"7757006209","pt":1539962515690,"mc":[{"id":"1.149808516","rc":[{"ltp":1.67,"id":2257300},{"ltp":2.5,"id":4903598}]}]}
{"op":"mcm","clk":"7757191903","pt":1539963535376,"mc":[{"id":"1.149808516","rc":[{"ltp":2.48,"id":4903598}]}]}
{"op":"mcm","clk":"7757244085","pt":1539963891730,"mc":[{"id":"1.149808516","rc":[{"ltp":1.68,"id":2257300}]}]}
{"op":"mcm","clk":"7757253480","pt":1539963956026,"mc":[{"id":"1.149808516","rc":[{"ltp":1.67,"id":2257300},{"ltp":2.5,"id":4903598}]}]}
{"op":"mcm","clk":"7757261080","pt":1539964006085,"mc":[{"id":"1.149808516","rc":[{"ltp":1.66,"id":2257300}]}]}
{"op":"mcm","clk":"7757306817","pt":1539964193507,"mc":[{"id":"1.149808516","rc":[{"ltp":1.65,"id":2257300},{"ltp":2.54,"id":4903598}]}]}
{"op":"mcm","clk":"7757314750","pt":1539964254739,"mc":[{"id":"1.149808516","rc":[{"ltp":1.64,"id":2257300},{"ltp":2.56,"id":4903598}]}]}
{"op":"mcm","clk":"7757343085","pt":1539964490993,"mc":[{"id":"1.149808516","rc":[{"ltp":1.63,"id":2257300},{"ltp":2.6,"id":4903598}]}]}
{"op":"mcm","clk":"7757364144","pt":1539964651293,"mc":[{"id":"1.149808516","rc":[{"ltp":1.64,"id":2257300}]}]}
{"op":"mcm","clk":"7757376406","pt":1539964735690,"mc":[{"id":"1.149808516","rc":[{"ltp":1.65,"id":2257300},{"ltp":2.54,"id":4903598}]}]}
{"op":"mcm","clk":"7757385090","pt":1539964792902,"mc":[{"id":"1.149808516","rc":[{"ltp":1.63,"id":2257300}]}]}
{"op":"mcm","clk":"7757395063","pt":1539964854217,"mc":[{"id":"1.149808516","rc":[{"ltp":1.61,"id":2257300},{"ltp":2.62,"id":4903598}]}]}
{"op":"mcm","clk":"7757405114","pt":1539964912610,"mc":[{"id":"1.149808516","rc":[{"ltp":1.62,"id":2257300},{"ltp":2.58,"id":4903598}]}]}
{"op":"mcm","clk":"7757452723","pt":1539965087591,"mc":[{"id":"1.149808516","rc":[{"ltp":2.6,"id":4903598}]}]}
{"op":"mcm","clk":"7757501435","pt":1539965393429,"mc":[{"id":"1.149808516","rc":[{"ltp":1.61,"id":2257300}]}]}
{"op":"mcm","clk":"7757509413","pt":1539965448624,"mc":[{"id":"1.149808516","rc":[{"ltp":2.64,"id":4903598}]}]}
{"op":"mcm","clk":"7757567843","pt":1539965815952,"mc":[{"id":"1.149808516","rc":[{"ltp":2.62,"id":4903598}]}]}
{"op":"mcm","clk":"7757597226","pt":1539965876088,"mc":[{"id":"1.149808516","rc":[{"ltp":1.6,"id":2257300},{"ltp":2.66,"id":4903598}]}]}
{"op":"mcm","clk":"7757615313","pt":1539965988510,"mc":[{"id":"1.149808516","rc":[{"ltp":1.59,"id":2257300}]}]}
{"op":"mcm","clk":"7757625367","pt":1539966048654,"mc":[{"id":"1.149808516","rc":[{"ltp":1.6,"id":2257300}]}]}
{"op":"mcm","clk":"7757635515","pt":1539966113889,"mc":[{"id":"1.149808516","rc":[{"ltp":2.68,"id":4903598}]}]}
{"op":"mcm","clk":"7757645716","pt":1539966175974,"mc":[{"id":"1.149808516","rc":[{"ltp":1.59,"id":2257300},{"ltp":2.7,"id":4903598}]}]}
{"op":"mcm","clk":"7757656120","pt":1539966235500,"mc":[{"id":"1.149808516","rc":[{"ltp":2.68,"id":4903598}]}]}
{"op":"mcm","clk":"7757676847","pt":1539966352748,"mc":[{"id":"1.149808516","rc":[{"ltp":1.58,"id":2257300},{"ltp":2.72,"id":4903598}]}]}
{"op":"mcm","clk":"7757685697","pt":1539966404626,"mc":[{"id":"1.149808516","rc":[{"ltp":1.59,"id":2257300}]}]}
{"op":"mcm","clk":"7757707971","pt":1539966535905,"mc":[{"id":"1.149808516","marketDefinition":{"bspMarket":false,"turnInPlayEnabled":true,"persistenceEnabled":true,"marketBaseRate":5.0,"eventId":"28963722","eventTypeId":"2","numberOfWinners":1,"bettingType":"ODDS","marketType":"MATCH_ODDS","marketTime":"2018-10-19T16:45:00.000Z","suspendTime":"2018-10-19T16:45:00.000Z","bspReconciled":false,"complete":true,"inPlay":false,"crossMatching":true,"runnersVoidable":false,"numberOfActiveRunners":2,"betDelay":0,"status":"OPEN","runners":[{"status":"ACTIVE","sortPriority":1,"id":2257300,"name":"Gael Monfils"},{"status":"ACTIVE","sortPriority":2,"id":4903598,"name":"Vasek Pospisil"}],"regulators":["MR_INT"],"countryCode":"BE","discountAllowed":true,"timezone":"UTC","openDate":"2018-10-19T16:45:00.000Z","version":2461855875,"name":"Match Odds","eventName":"Monfils v V Pospisil"}}]}
{"op":"mcm","clk":"7757717132","pt":1539966590520,"mc":[{"id":"1.149808516","rc":[{"ltp":2.7,"id":4903598}]}]}
{"op":"mcm","clk":"7757727331","pt":1539966651702,"mc":[{"id":"1.149808516","rc":[{"ltp":1.58,"id":2257300}]}]}
{"op":"mcm","clk":"7757737497","pt":1539966711555,"mc":[{"id":"1.149808516","rc":[{"ltp":1.59,"id":2257300}]}]}
{"op":"mcm","clk":"7757777701","pt":1539966835773,"mc":[{"id":"1.149808516","rc":[{"ltp":1.6,"id":2257300}]}]}
{"op":"mcm","clk":"7757788237","pt":1539966892940,"mc":[{"id":"1.149808516","rc":[{"ltp":1.59,"id":2257300}]}]}
{"op":"mcm","clk":"7757808374","pt":1539967010285,"mc":[{"id":"1.149808516","rc":[{"ltp":1.6,"id":2257300}]}]}
{"op":"mcm","clk":"7757819776","pt":1539967075163,"mc":[{"id":"1.149808516","rc":[{"ltp":2.66,"id":4903598}]}]}
{"op":"mcm","clk":"7757830164","pt":1539967135877,"mc":[{"id":"1.149808516","marketDefinition":{"bspMarket":false,"turnInPlayEnabled":true,"persistenceEnabled":true,"marketBaseRate":5.0,"eventId":"28963722","eventTypeId":"2","numberOfWinners":1,"bettingType":"ODDS","marketType":"MATCH_ODDS","marketTime":"2018-10-19T16:35:00.000Z","suspendTime":"2018-10-19T16:35:00.000Z","bspReconciled":false,"complete":true,"inPlay":false,"crossMatching":true,"runnersVoidable":false,"numberOfActiveRunners":2,"betDelay":0,"status":"OPEN","runners":[{"status":"ACTIVE","sortPriority":1,"id":2257300,"name":"Gael Monfils"},{"status":"ACTIVE","sortPriority":2,"id":4903598,"name":"Vasek Pospisil"}],"regulators":["MR_INT"],"countryCode":"BE","discountAllowed":true,"timezone":"UTC","openDate":"2018-10-19T16:35:00.000Z","version":2461886674,"name":"Match Odds","eventName":"Monfils v V Pospisil"}}]}
{"op":"mcm","clk":"7757851864","pt":1539967255282,"mc":[{"id":"1.149808516","rc":[{"ltp":2.64,"id":4903598}]}]}
{"op":"mcm","clk":"7757859666","pt":1539967298753,"mc":[{"id":"1.149808516","rc":[{"ltp":1.61,"id":2257300}]}]}
{"op":"mcm","clk":"7757872221","pt":1539967371754,"mc":[{"id":"1.149808516","rc":[{"ltp":1.59,"id":2257300},{"ltp":2.7,"id":4903598}]}]}
{"op":"mcm","clk":"7757891389","pt":1539967486900,"mc":[{"id":"1.149808516","rc":[{"ltp":1.6,"id":2257300}]}]}
{"op":"mcm","clk":"7757902256","pt":1539967550784,"mc":[{"id":"1.149808516","rc":[{"ltp":1.57,"id":2257300}]}]}
{"op":"mcm","clk":"7757912281","pt":1539967611939,"mc":[{"id":"1.149808516","rc":[{"ltp":1.59,"id":2257300},{"ltp":2.68,"id":4903598}]}]}
{"op":"mcm","clk":"7757941732","pt":1539967675835,"mc":[{"id":"1.149808516","rc":[{"ltp":1.58,"id":2257300},{"ltp":2.72,"id":4903598}]}]}
{"op":"mcm","clk":"7757948043","pt":1539967718319,"mc":[{"id":"1.149808516","rc":[{"ltp":1.57,"id":2257300},{"ltp":2.76,"id":4903598}]}]}
{"op":"mcm","clk":"7757957630","pt":1539967787520,"mc":[{"id":"1.149808516","rc":[{"ltp":1.58,"id":2257300}]}]}
{"op":"mcm","clk":"7757967507","pt":1539967856075,"mc":[{"id":"1.149808516","rc":[{"ltp":1.62,"id":2257300},{"ltp":2.62,"id":4903598}]}]}
{"op":"mcm","clk":"7757984313","pt":1539967976110,"mc":[{"id":"1.149808516","marketDefinition":{"bspMarket":false,"turnInPlayEnabled":true,"persistenceEnabled":true,"marketBaseRate":5.0,"eventId":"28963722","eventTypeId":"2","numberOfWinners":1,"bettingType":"ODDS","marketType":"MATCH_ODDS","marketTime":"2018-10-19T16:35:00.000Z","suspendTime":"2018-10-19T16:35:00.000Z","bspReconciled":false,"complete":true,"inPlay":true,"crossMatching":true,"runnersVoidable":false,"numberOfActiveRunners":2,"betDelay":5,"status":"OPEN","runners":[{"status":"ACTIVE","sortPriority":1,"id":2257300,"name":"Gael Monfils"},{"status":"ACTIVE","sortPriority":2,"id":4903598,"name":"Vasek Pospisil"}],"regulators":["MR_INT"],"countryCode":"BE","discountAllowed":true,"timezone":"UTC","openDate":"2018-10-19T16:35:00.000Z","version":2461919128,"name":"Match Odds","eventName":"Monfils v V Pospisil"}}]}
{"op":"mcm","clk":"7757992846","pt":1539968035257,"mc":[{"id":"1.149808516","rc":[{"ltp":2.52,"id":4903598}]}]}
{"op":"mcm","clk":"7758001349","pt":1539968093593,"mc":[{"id":"1.149808516","rc":[{"ltp":1.61,"id":2257300},{"ltp":2.54,"id":4903598}]}]}
{"op":"mcm","clk":"7758010758","pt":1539968156008,"mc":[{"id":"1.149808516","rc":[{"ltp":1.47,"id":2257300},{"ltp":3.15,"id":4903598}]}]}
{"op":"mcm","clk":"7758020233","pt":1539968215748,"mc":[{"id":"1.149808516","rc":[{"ltp":1.46,"id":2257300},{"ltp":2.82,"id":4903598}]}]}
{"op":"mcm","clk":"7758029232","pt":1539968276039,"mc":[{"id":"1.149808516","rc":[{"ltp":1.6,"id":2257300},{"ltp":2.78,"id":4903598}]}]}
{"op":"mcm","clk":"7758038651","pt":1539968336005,"mc":[{"id":"1.149808516","rc":[{"ltp":1.64,"id":2257300},{"ltp":2.56,"id":4903598}]}]}
{"op":"mcm","clk":"7758048892","pt":1539968396018,"mc":[{"id":"1.149808516","rc":[{"ltp":1.59,"id":2257300},{"ltp":2.72,"id":4903598}]}]}
{"op":"mcm","clk":"7758059198","pt":1539968456136,"mc":[{"id":"1.149808516","rc":[{"ltp":1.53,"id":2257300},{"ltp":2.84,"id":4903598}]}]}
{"op":"mcm","clk":"7758069384","pt":1539968515804,"mc":[{"id":"1.149808516","rc":[{"ltp":1.52,"id":2257300},{"ltp":3.1,"id":4903598}]}]}
{"op":"mcm","clk":"7758099715","pt":1539968574968,"mc":[{"id":"1.149808516","rc":[{"ltp":1.58,"id":2257300},{"ltp":2.78,"id":4903598}]}]}
{"op":"mcm","clk":"7758109668","pt":1539968635811,"mc":[{"id":"1.149808516","rc":[{"ltp":1.55,"id":2257300},{"ltp":2.8,"id":4903598}]}]}
{"op":"mcm","clk":"7758119372","pt":1539968695910,"mc":[{"id":"1.149808516","rc":[{"ltp":1.58,"id":2257300},{"ltp":2.72,"id":4903598}]}]}
{"op":"mcm","clk":"7758129478","pt":1539968755854,"mc":[{"id":"1.149808516","rc":[{"ltp":1.57,"id":2257300},{"ltp":2.78,"id":4903598}]}]}
{"op":"mcm","clk":"7758139730","pt":1539968815372,"mc":[{"id":"1.149808516","rc":[{"ltp":1.53,"id":2257300},{"ltp":2.84,"id":4903598}]}]}
{"op":"mcm","clk":"7758150429","pt":1539968876042,"mc":[{"id":"1.149808516","rc":[{"ltp":1.55,"id":2257300},{"ltp":2.9,"id":4903598}]}]}
{"op":"mcm","clk":"7758161174","pt":1539968935379,"mc":[{"id":"1.149808516","rc":[{"ltp":2.82,"id":4903598}]}]}
{"op":"mcm","clk":"7758171926","pt":1539968996143,"mc":[{"id":"1.149808516","rc":[{"ltp":2.84,"id":4903598}]}]}
{"op":"mcm","clk":"7758182542","pt":1539969056001,"mc":[{"id":"1.149808516","rc":[{"ltp":1.56,"id":2257300},{"ltp":2.58,"id":4903598}]}]}
{"op":"mcm","clk":"7758193601","pt":1539969115877,"mc":[{"id":"1.149808516","rc":[{"ltp":1.48,"id":2257300},{"ltp":2.88,"id":4903598}]}]}
{"op":"mcm","clk":"7758204232","pt":1539969175375,"mc":[{"id":"1.149808516","rc":[{"ltp":1.55,"id":2257300},{"ltp":2.8,"id":4903598}]}]}
{"op":"mcm","clk":"7758215432","pt":1539969235973,"mc":[{"id":"1.149808516","rc":[{"ltp":1.58,"id":2257300},{"ltp":2.66,"id":4903598}]}]}
{"op":"mcm","clk":"7758227008","pt":1539969295016,"mc":[{"id":"1.149808516","rc":[{"ltp":1.59,"id":2257300},{"ltp":2.72,"id":4903598}]}]}
{"op":"mcm","clk":"7758238960","pt":1539969356053,"mc":[{"id":"1.149808516","rc":[{"ltp":1.54,"id":2257300},{"ltp":2.74,"id":4903598}]}]}
{"op":"mcm","clk":"7758250148","pt":1539969415875,"mc":[{"id":"1.149808516","rc":[{"ltp":2.94,"id":4903598}]}]}
{"op":"mcm","clk":"7758281414","pt":1539969476111,"mc":[{"id":"1.149808516","rc":[{"ltp":1.53,"id":2257300},{"ltp":2.88,"id":4903598}]}]}
{"op":"mcm","clk":"7758293225","pt":1539969535810,"mc":[{"id":"1.149808516","rc":[{"ltp":1.62,"id":2257300},{"ltp":2.64,"id":4903598}]}]}
{"op":"mcm","clk":"7758304608","pt":1539969596110,"mc":[{"id":"1.149808516","rc":[{"ltp":1.61,"id":2257300},{"ltp":2.62,"id":4903598}]}]}
{"op":"mcm","clk":"7758315634","pt":1539969655936,"mc":[{"id":"1.149808516","rc":[{"ltp":1.62,"id":2257300},{"ltp":2.6,"id":4903598}]}]}
{"op":"mcm","clk":"7758327553","pt":1539969715951,"mc":[{"id":"1.149808516","rc":[{"ltp":1.6,"id":2257300},{"ltp":2.72,"id":4903598}]}]}
{"op":"mcm","clk":"7758339455","pt":1539969775848,"mc":[{"id":"1.149808516","rc":[{"ltp":1.57,"id":2257300},{"ltp":2.82,"id":4903598}]}]}
{"op":"mcm","clk":"7758351412","pt":1539969835678,"mc":[{"id":"1.149808516","rc":[{"ltp":1.5,"id":2257300},{"ltp":2.8,"id":4903598}]}]}
{"op":"mcm","clk":"7758361377","pt":1539969893719,"mc":[{"id":"1.149808516","rc":[{"ltp":1.53,"id":2257300},{"ltp":2.9,"id":4903598}]}]}
{"op":"mcm","clk":"7758374302","pt":1539969955785,"mc":[{"id":"1.149808516","rc":[{"ltp":1.44,"id":2257300},{"ltp":3.2,"id":4903598}]}]}
{"op":"mcm","clk":"7758386219","pt":1539970016131,"mc":[{"id":"1.149808516","rc":[{"ltp":1.41,"id":2257300},{"ltp":3.4,"id":4903598}]}]}
{"op":"mcm","clk":"7758398012","pt":1539970076005,"mc":[{"id":"1.149808516","rc":[{"ltp":1.4,"id":2257300},{"ltp":3.45,"id":4903598}]}]}
{"op":"mcm","clk":"7758409080","pt":1539970135805,"mc":[{"id":"1.149808516","rc":[{"ltp":1.51,"id":2257300},{"ltp":2.96,"id":4903598}]}]}
{"op":"mcm","clk":"7758419981","pt":1539970195470,"mc":[{"id":"1.149808516","rc":[{"ltp":1.61,"id":2257300},{"ltp":2.62,"id":4903598}]}]}
{"op":"mcm","clk":"7758430872","pt":1539970256109,"mc":[{"id":"1.149808516","rc":[{"ltp":1.65,"id":2257300},{"ltp":2.64,"id":4903598}]}]}
{"op":"mcm","clk":"7758441275","pt":1539970316104,"mc":[{"id":"1.149808516","rc":[{"ltp":1.67,"id":2257300},{"ltp":2.48,"id":4903598}]}]}
{"op":"mcm","clk":"7758470986","pt":1539970376157,"mc":[{"id":"1.149808516","rc":[{"ltp":1.63,"id":2257300},{"ltp":2.6,"id":4903598}]}]}
{"op":"mcm","clk":"7758481223","pt":1539970436110,"mc":[{"id":"1.149808516","rc":[{"ltp":1.8,"id":2257300},{"ltp":2.24,"id":4903598}]}]}
{"op":"mcm","clk":"7758491946","pt":1539970495998,"mc":[{"id":"1.149808516","rc":[{"ltp":1.55,"id":2257300},{"ltp":2.84,"id":4903598}]}]}
{"op":"mcm","clk":"7758502310","pt":1539970556128,"mc":[{"id":"1.149808516","rc":[{"ltp":1.58,"id":2257300},{"ltp":2.74,"id":4903598}]}]}
{"op":"mcm","clk":"7758512537","pt":1539970616050,"mc":[{"id":"1.149808516","rc":[{"ltp":1.52,"id":2257300},{"ltp":2.92,"id":4903598}]}]}
{"op":"mcm","clk":"7758522575","pt":1539970675610,"mc":[{"id":"1.149808516","rc":[{"ltp":1.58,"id":2257300},{"ltp":2.7,"id":4903598}]}]}
{"op":"mcm","clk":"7758532618","pt":1539970736158,"mc":[{"id":"1.149808516","rc":[{"ltp":1.51,"id":2257300},{"ltp":2.94,"id":4903598}]}]}
{"op":"mcm","clk":"7758542840","pt":1539970795982,"mc":[{"id":"1.149808516","rc":[{"ltp":1.54,"id":2257300},{"ltp":2.86,"id":4903598}]}]}
{"op":"mcm","clk":"7758553740","pt":1539970855942,"mc":[{"id":"1.149808516","rc":[{"ltp":1.34,"id":2257300},{"ltp":3.6,"id":4903598}]}]}
{"op":"mcm","clk":"7758565654","pt":1539970916048,"mc":[{"id":"1.149808516","rc":[{"ltp":1.22,"id":2257300},{"ltp":5.7,"id":4903598}]}]}
{"op":"mcm","clk":"7758577005","pt":1539970976122,"mc":[{"id":"1.149808516","rc":[{"ltp":1.21,"id":2257300},{"ltp":5.8,"id":4903598}]}]}
{"op":"mcm","clk":"7758588374","pt":1539971036030,"mc":[{"id":"1.149808516","rc":[{"ltp":1.19,"id":2257300},{"ltp":6.6,"id":4903598}]}]}
{"op":"mcm","clk":"7758598781","pt":1539971095645,"mc":[{"id":"1.149808516","rc":[{"ltp":1.18,"id":2257300},{"ltp":6.4,"id":4903598}]}]}
{"op":"mcm","clk":"7758620183","pt":1539971216038,"mc":[{"id":"1.149808516","rc":[{"ltp":1.19,"id":2257300},{"ltp":6.2,"id":4903598}]}]}
{"op":"mcm","clk":"7758650634","pt":1539971275935,"mc":[{"id":"1.149808516","rc":[{"ltp":1.18,"id":2257300},{"ltp":6.4,"id":4903598}]}]}
{"op":"mcm","clk":"7758661263","pt":1539971336119,"mc":[{"id":"1.149808516","rc":[{"ltp":1.2,"id":2257300},{"ltp":6.0,"id":4903598}]}]}
{"op":"mcm","clk":"7758683176","pt":1539971456114,"mc":[{"id":"1.149808516","rc":[{"ltp":1.18,"id":2257300},{"ltp":6.6,"id":4903598}]}]}
{"op":"mcm","clk":"7758692594","pt":1539971515827,"mc":[{"id":"1.149808516","rc":[{"ltp":1.13,"id":2257300},{"ltp":8.8,"id":4903598}]}]}
{"op":"mcm","clk":"7758701704","pt":1539971575987,"mc":[{"id":"1.149808516","rc":[{"ltp":1.16,"id":2257300},{"ltp":7.2,"id":4903598}]}]}
{"op":"mcm","clk":"7758710285","pt":1539971636119,"mc":[{"id":"1.149808516","rc":[{"ltp":1.07,"id":2257300},{"ltp":15.0,"id":4903598}]}]}
{"op":"mcm","clk":"7758719215","pt":1539971695123,"mc":[{"id":"1.149808516","rc":[{"ltp":1.06,"id":2257300},{"ltp":17.5,"id":4903598}]}]}
{"op":"mcm","clk":"7758729068","pt":1539971755905,"mc":[{"id":"1.149808516","rc":[{"ltp":1.05,"id":2257300},{"ltp":21.0,"id":4903598}]}]}
{"op":"mcm","clk":"7758738766","pt":1539971816045,"mc":[{"id":"1.149808516","rc":[{"ltp":1.04,"id":2257300},{"ltp":25.0,"id":4903598}]}]}
{"op":"mcm","clk":"7758748385","pt":1539971876040,"mc":[{"id":"1.149808516","rc":[{"ltp":1.05,"id":2257300},{"ltp":26.0,"id":4903598}]}]}
{"op":"mcm","clk":"7758758549","pt":1539971935994,"mc":[{"id":"1.149808516","rc":[{"ltp":23.0,"id":4903598}]}]}
{"op":"mcm","clk":"7758768700","pt":1539971995211,"mc":[{"id":"1.149808516","rc":[{"ltp":1.06,"id":2257300},{"ltp":21.0,"id":4903598}]}]}
{"op":"mcm","clk":"7758781469","pt":1539972054713,"mc":[{"id":"1.149808516","rc":[{"ltp":19.5,"id":4903598}]}]}
{"op":"mcm","clk":"7758793800","pt":1539972116089,"mc":[{"id":"1.149808516","rc":[{"ltp":18.0,"id":4903598}]}]}
{"op":"mcm","clk":"7758826195","pt":1539972175971,"mc":[{"id":"1.149808516","rc":[{"ltp":17.5,"id":4903598}]}]}
{"op":"mcm","clk":"7758838258","pt":1539972235633,"mc":[{"id":"1.149808516","rc":[{"ltp":15.0,"id":4903598}]}]}
{"op":"mcm","clk":"7758849958","pt":1539972295927,"mc":[{"id":"1.149808516","rc":[{"ltp":1.11,"id":2257300},{"ltp":11.0,"id":4903598}]}]}
{"op":"mcm","clk":"7758862568","pt":1539972356020,"mc":[{"id":"1.149808516","rc":[{"ltp":1.07,"id":2257300},{"ltp":15.0,"id":4903598}]}]}
{"op":"mcm","clk":"7758874764","pt":1539972416017,"mc":[{"id":"1.149808516","rc":[{"ltp":1.11,"id":2257300},{"ltp":10.5,"id":4903598}]}]}
{"op":"mcm","clk":"7758887603","pt":1539972476060,"mc":[{"id":"1.149808516","rc":[{"ltp":1.05,"id":2257300},{"ltp":17.5,"id":4903598}]}]}
{"op":"mcm","clk":"7758900563","pt":1539972535966,"mc":[{"id":"1.149808516","rc":[{"ltp":1.04,"id":2257300},{"ltp":26.0,"id":4903598}]}]}
{"op":"mcm","clk":"7758912902","pt":1539972596070,"mc":[{"id":"1.149808516","rc":[{"ltp":1.05,"id":2257300},{"ltp":22.0,"id":4903598}]}]}
{"op":"mcm","clk":"7758926090","pt":1539972655986,"mc":[{"id":"1.149808516","rc":[{"ltp":1.04,"id":2257300},{"ltp":21.0,"id":4903598}]}]}
{"op":"mcm","clk":"7758939392","pt":1539972715624,"mc":[{"id":"1.149808516","rc":[{"ltp":1.05,"id":2257300},{"ltp":18.0,"id":4903598}]}]}
{"op":"mcm","clk":"7758952187","pt":1539972775794,"mc":[{"id":"1.149808516","rc":[{"ltp":1.06,"id":2257300},{"ltp":20.0,"id":4903598}]}]}
{"op":"mcm","clk":"7758965159","pt":1539972836109,"mc":[{"id":"1.149808516","rc":[{"ltp":18.0,"id":4903598}]}]}
{"op":"mcm","clk":"7758978091","pt":1539972895682,"mc":[{"id":"1.149808516","rc":[{"ltp":1.04,"id":2257300},{"ltp":25.0,"id":4903598}]}]}
{"op":"mcm","clk":"7758992274","pt":1539972955251,"mc":[{"id":"1.149808516","rc":[{"ltp":1.08,"id":2257300},{"ltp":15.0,"id":4903598}]}]}
{"op":"mcm","clk":"7759006590","pt":1539973015978,"mc":[{"id":"1.149808516","rc":[{"ltp":1.04,"id":2257300},{"ltp":26.0,"id":4903598}]}]}
{"op":"mcm","clk":"7759052743","pt":1539973136122,"mc":[{"id":"1.149808516","rc":[{"ltp":1.05,"id":2257300},{"ltp":21.0,"id":4903598}]}]}
{"op":"mcm","clk":"7759064873","pt":1539973194549,"mc":[{"id":"1.149808516","rc":[{"ltp":1.06,"id":2257300},{"ltp":18.5,"id":4903598}]}]}
{"op":"mcm","clk":"7759076669","pt":1539973255135,"mc":[{"id":"1.149808516","rc":[{"ltp":1.07,"id":2257300},{"ltp":15.0,"id":4903598}]}]}
{"op":"mcm","clk":"7759088470","pt":1539973315882,"mc":[{"id":"1.149808516","rc":[{"ltp":1.05,"id":2257300},{"ltp":23.0,"id":4903598}]}]}
{"op":"mcm","clk":"7759100524","pt":1539973376136,"mc":[{"id":"1.149808516","rc":[{"ltp":1.03,"id":2257300},{"ltp":34.0,"id":4903598}]}]}
{"op":"mcm","clk":"7759113243","pt":1539973436048,"mc":[{"id":"1.149808516","rc":[{"ltp":40.0,"id":4903598}]}]}
{"op":"mcm","clk":"7759137623","pt":1539973555044,"mc":[{"id":"1.149808516","rc":[{"ltp":34.0,"id":4903598}]}]}
{"op":"mcm","clk":"7759149804","pt":1539973616031,"mc":[{"id":"1.149808516","rc":[{"ltp":1.08,"id":2257300},{"ltp":14.5,"id":4903598}]}]}
{"op":"mcm","clk":"7759161734","pt":1539973675913,"mc":[{"id":"1.149808516","rc":[{"ltp":1.01,"id":2257300},{"ltp":100.0,"id":4903598}]}]}
{"op":"mcm","clk":"7759172647","pt":1539973729410,"mc":[{"id":"1.149808516","marketDefinition":{"bspMarket":false,"turnInPlayEnabled":true,"persistenceEnabled":true,"marketBaseRate":5.0,"eventId":"28963722","eventTypeId":"2","numberOfWinners":1,"bettingType":"ODDS","marketType":"MATCH_ODDS","marketTime":"2018-10-19T16:35:00.000Z","suspendTime":"2018-10-19T16:35:00.000Z","bspReconciled":false,"complete":true,"inPlay":true,"crossMatching":true,"runnersVoidable":false,"numberOfActiveRunners":2,"betDelay":5,"status":"SUSPENDED","runners":[{"status":"ACTIVE","sortPriority":1,"id":2257300,"name":"Gael Monfils"},{"status":"ACTIVE","sortPriority":2,"id":4903598,"name":"Vasek Pospisil"}],"regulators":["MR_INT"],"countryCode":"BE","discountAllowed":true,"timezone":"UTC","openDate":"2018-10-19T16:35:00.000Z","version":2462215821,"name":"Match Odds","eventName":"Monfils v V Pospisil"},"rc":[{"ltp":1.02,"id":2257300}]}]}
{"op":"mcm","clk":"7759184049","pt":1539973784546,"mc":[{"id":"1.149808516","marketDefinition":{"bspMarket":false,"turnInPlayEnabled":true,"persistenceEnabled":true,"marketBaseRate":5.0,"eventId":"28963722","eventTypeId":"2","numberOfWinners":1,"bettingType":"ODDS","marketType":"MATCH_ODDS","marketTime":"2018-10-19T16:35:00.000Z","suspendTime":"2018-10-19T16:35:00.000Z","bspReconciled":false,"complete":true,"inPlay":true,"crossMatching":false,"runnersVoidable":false,"numberOfActiveRunners":0,"betDelay":5,"status":"CLOSED","settledTime":"2018-10-19T18:29:21.000Z","runners":[{"status":"WINNER","sortPriority":1,"id":2257300,"name":"Gael Monfils"},{"status":"LOSER","sortPriority":2,"id":4903598,"name":"Vasek Pospisil"}],"regulators":["MR_INT"],"countryCode":"BE","discountAllowed":true,"timezone":"UTC","openDate":"2018-10-19T16:35:00.000Z","version":2462218855,"name":"Match Odds","eventName":"Monfils v V Pospisil"}}]}
