{"op":"mcm","clk":"7636179074","pt":1538815525768,"mc":[{"id":"1.149175907","marketDefinition":{"bspMarket":false,"turnInPlayEnabled":true,"persistenceEnabled":true,"marketBaseRate":5.0,"eventId":"28941881","eventTypeId":"2","numberOfWinners":1,"bettingType":"ODDS","marketType":"MATCH_ODDS","marketTime":"2018-10-07T06:30:00.000Z","suspendTime":"2018-10-07T06:30:00.000Z","bspReconciled":false,"complete":true,"inPlay":false,"crossMatching":true,"runnersVoidable":false,"numberOfActiveRunners":2,"betDelay":0,"status":"OPEN","runners":[{"status":"ACTIVE","sortPriority":1,"id":19924831,"name":"Daniil Medvedev"},{"status":"ACTIVE","sortPriority":2,"id":19924834,"name":"Kei Nishikori"}],"regulators":["MR_INT"],"countryCode":"JP","discountAllowed":true,"timezone":"UTC","openDate":"2018-10-07T06:30:00.000Z","version":2439612532,"name":"Match Odds","eventName":"Medvedev v Nishikori"}}]}
{"op":"mcm","clk":"7636615731","pt":1538818678933,"mc":[{"id":"1.149175907","rc":[{"ltp":1.41,"id":19924834}]}]}
{"op":"mcm","clk":"7636763803","pt":1538819611660,"mc":[{"id":"1.149175907","rc":[{"ltp":1.48,"id":19924834}]}]}
{"op":"mcm","clk":"7636788912","pt":1538819784406,"mc":[{"id":"1.149175907","rc":[{"ltp":2.8,"id":19924831},{"ltp":1.56,"id":19924834}]}]}
{"op":"mcm","clk":"7636812796","pt":1538819829935,"mc":[{"id":"1.149175907","rc":[{"ltp":2.98,"id":19924831},{"ltp":1.48,"id":19924834}]}]}
{"op":"mcm","clk":"7637557673","pt":1538823889587,"mc":[{"id":"1.149175907","rc":[{"ltp":1.5,"id":19924834}]}]}
{"op":"mcm","clk":"7638122492","pt":1538826612026,"mc":[{"id":"1.149175907","rc":[{"ltp":1.49,"id":19924834}]}]}
{"op":"mcm","clk":"7638447016","pt":1538828233580,"mc":[{"id":"1.149175907","rc":[{"ltp":1.48,"id":19924834}]}]}
{"op":"mcm","clk":"7638458973","pt":1538828292859,"mc":[{"id":"1.149175907","rc":[{"ltp":3.1,"id":19924831}]}]}
{"op":"mcm","clk":"7638495791","pt":1538828484503,"mc":[{"id":"1.149175907","rc":[{"ltp":1.47,"id":19924834}]}]}
{"op":"mcm","clk":"7638652658","pt":1538829206944,"mc":[{"id":"1.149175907","rc":[{"ltp":3.05,"id":19924831}]}]}
{"op":"mcm","clk":"7638856103","pt":1538830196170,"mc":[{"id":"1.149175907","rc":[{"ltp":3.0,"id":19924831}]}]}
{"op":"mcm","clk":"7639225267","pt":1538831947890,"mc":[{"id":"1.149175907","rc":[{"ltp":1.48,"id":19924834}]}]}
{"op":"mcm","clk":"7640335688","pt":1538836222575,"mc":[{"id":"1.149175907","rc":[{"ltp":1.47,"id":19924834}]}]}
{"op":"mcm","clk":"7640611287","pt":1538837176965,"mc":[{"id":"1.149175907","rc":[{"ltp":1.46,"id":19924834}]}]}
{"op":"mcm","clk":"7640887892","pt":1538838380519,"mc":[{"id":"1.149175907","rc":[{"ltp":1.5,"id":19924834}]}]}
{"op":"mcm","clk":"7641113775","pt":1538839205622,"mc":[{"id":"1.149175907","rc":[{"ltp":1.48,"id":19924834}]}]}
{"op":"mcm","clk":"7641783427","pt":1538842013747,"mc":[{"id":"1.149175907","rc":[{"ltp":1.5,"id":19924834}]}]}
{"op":"mcm","clk":"7642484159","pt":1538845504881,"mc":[{"id":"1.149175907","rc":[{"ltp":1.48,"id":19924834}]}]}
{"op":"mcm","clk":"7642813723","pt":1538847152251,"mc":[{"id":"1.149175907","rc":[{"ltp":1.47,"id":19924834}]}]}
{"op":"mcm","clk":"7642960232","pt":1538847883260,"mc":[{"id":"1.149175907","rc":[{"ltp":1.48,"id":19924834}]}]}
{"op":"mcm","clk":"7643122394","pt":1538848767464,"mc":[{"id":"1.149175907","rc":[{"ltp":1.47,"id":19924834}]}]}
{"op":"mcm","clk":"7643245647","pt":1538849452869,"mc":[{"id":"1.149175907","rc":[{"ltp":1.48,"id":19924834}]}]}
{"op":"mcm","clk":"7643563709","pt":1538851102507,"mc":[{"id":"1.149175907","rc":[{"ltp":1.47,"id":19924834}]}]}
{"op":"mcm","clk":"7643802853","pt":1538852483316,"mc":[{"id":"1.149175907","rc":[{"ltp":1.46,"id":19924834}]}]}
{"op":"mcm","clk":"7643858464","pt":1538852826255,"mc":[{"id":"1.149175907","rc":[{"ltp":1.47,"id":19924834}]}]}
{"op":"mcm","clk":"7643964089","pt":1538853358844,"mc":[{"id":"1.149175907","rc":[{"ltp":1.46,"id":19924834}]}]}
{"op":"mcm","clk":"7644017096","pt":1538853683752,"mc":[{"id":"1.149175907","rc":[{"ltp":1.47,"id":19924834}]}]}
{"op":"mcm","clk":"7644028538","pt":1538853748765,"mc":[{"id":"1.149175907","rc":[{"ltp":3.05,"id":19924831}]}]}
{"op":"mcm","clk":"7644049625","pt":1538853885429,"mc":[{"id":"1.149175907","rc":[{"ltp":3.1,"id":19924831}]}]}
{"op":"mcm","clk":"7644065566","pt":1538853983831,"mc":[{"id":"1.149175907","rc":[{"ltp":1.46,"id":19924834}]}]}
{"op":"mcm","clk":"7644500740","pt":1538856920022,"mc":[{"id":"1.149175907","rc":[{"ltp":1.47,"id":19924834}]}]}
{"op":"mcm","clk":"7644527183","pt":1538857146753,"mc":[{"id":"1.149175907","rc":[{"ltp":3.05,"id":19924831}]}]}
{"op":"mcm","clk":"7644666115","pt":1538858244163,"mc":[{"id":"1.149175907","rc":[{"ltp":3.15,"id":19924831},{"ltp":1.45,"id":19924834}]}]}
{"op":"mcm","clk":"7644673780","pt":1538858299081,"mc":[{"id":"1.149175907","rc":[{"ltp":1.44,"id":19924834}]}]}
{"op":"mcm","clk":"7644821892","pt":1538859437178,"mc":[{"id":"1.149175907","rc":[{"ltp":3.2,"id":19924831},{"ltp":1.45,"id":19924834}]}]}
{"op":"mcm","clk":"7644848521","pt":1538859687912,"mc":[{"id":"1.149175907","rc":[{"ltp":1.44,"id":19924834}]}]}
{"op":"mcm","clk":"7644976351","pt":1538860771912,"mc":[{"id":"1.149175907","rc":[{"ltp":3.25,"id":19924831}]}]}
{"op":"mcm","clk":"7644992243","pt":1538860931828,"mc":[{"id":"1.149175907","rc":[{"ltp":1.43,"id":19924834}]}]}
{"op":"mcm","clk":"7644999754","pt":1538861012758,"mc":[{"id":"1.149175907","rc":[{"ltp":1.44,"id":19924834}]}]}
{"op":"mcm","clk":"7645068893","pt":1538861606743,"mc":[{"id":"1.149175907","rc":[{"ltp":1.43,"id":19924834}]}]}
{"op":"mcm","clk":"7645102085","pt":1538861966993,"mc":[{"id":"1.149175907","rc":[{"ltp":3.3,"id":19924831},{"ltp":1.42,"id":19924834}]}]}
{"op":"mcm","clk":"7645103039","pt":1538861977780,"mc":[{"id":"1.149175907","rc":[{"ltp":1.43,"id":19924834}]}]}
{"op":"mcm","clk":"7645156500","pt":1538862442959,"mc":[{"id":"1.149175907","rc":[{"ltp":3.25,"id":19924831}]}]}
{"op":"mcm","clk":"7645162929","pt":1538862511744,"mc":[{"id":"1.149175907","rc":[{"ltp":1.42,"id":19924834}]}]}
{"op":"mcm","clk":"7645167434","pt":1538862560260,"mc":[{"id":"1.149175907","rc":[{"ltp":1.43,"id":19924834}]}]}
{"op":"mcm","clk":"7645185500","pt":1538862748709,"mc":[{"id":"1.149175907","rc":[{"ltp":1.42,"id":19924834}]}]}
{"op":"mcm","clk":"7645244903","pt":1538863287468,"mc":[{"id":"1.149175907","rc":[{"ltp":1.41,"id":19924834}]}]}
{"op":"mcm","clk":"7645368042","pt":1538864483150,"mc":[{"id":"1.149175907","rc":[{"ltp":1.43,"id":19924834}]}]}
{"op":"mcm","clk":"7645388396","pt":1538864758105,"mc":[{"id":"1.149175907","rc":[{"ltp":1.42,"id":19924834}]}]}
{"op":"mcm","clk":"7645420442","pt":1538865010540,"mc":[{"id":"1.149175907","rc":[{"ltp":1.41,"id":19924834}]}]}
{"op":"mcm","clk":"7645436469","pt":1538865208363,"mc":[{"id":"1.149175907","rc":[{"ltp":1.42,"id":19924834}]}]}
{"op":"mcm","clk":"7645451869","pt":1538865388493,"mc":[{"id":"1.149175907","rc":[{"ltp":1.41,"id":19924834}]}]}
{"op":"mcm","clk":"7645473184","pt":1538865631866,"mc":[{"id":"1.149175907","rc":[{"ltp":1.4,"id":19924834}]}]}
{"op":"mcm","clk":"7645476534","pt":1538865664911,"mc":[{"id":"1.149175907","rc":[{"ltp":1.41,"id":19924834}]}]}
{"op":"mcm","clk":"7645510993","pt":1538865896650,"mc":[{"id":"1.149175907","rc":[{"ltp":1.4,"id":19924834}]}]}
{"op":"mcm","clk":"7645519757","pt":1538865992274,"mc":[{"id":"1.149175907","rc":[{"ltp":3.5,"id":19924831}]}]}
{"op":"mcm","clk":"7645530129","pt":1538866112668,"mc":[{"id":"1.149175907","rc":[{"ltp":3.4,"id":19924831}]}]}
{"op":"mcm","clk":"7645591453","pt":1538866678166,"mc":[{"id":"1.149175907","rc":[{"ltp":1.42,"id":19924834}]}]}
{"op":"mcm","clk":"7645598860","pt":1538866770407,"mc":[{"id":"1.149175907","rc":[{"ltp":3.45,"id":19924831},{"ltp":1.4,"id":19924834}]}]}
{"op":"mcm","clk":"7645712878","pt":1538867974261,"mc":[{"id":"1.149175907","rc":[{"ltp":1.41,"id":19924834}]}]}
{"op":"mcm","clk":"7645727627","pt":1538868144253,"mc":[{"id":"1.149175907","rc":[{"ltp":1.4,"id":19924834}]}]}
{"op":"mcm","clk":"7645776063","pt":1538868506270,"mc":[{"id":"1.149175907","rc":[{"ltp":3.5,"id":19924831}]}]}
{"op":"mcm","clk":"7645824544","pt":1538869000150,"mc":[{"id":"1.149175907","rc":[{"ltp":3.45,"id":19924831}]}]}
{"op":"mcm","clk":"7645962632","pt":1538870154585,"mc":[{"id":"1.149175907","rc":[{"ltp":3.5,"id":19924831}]}]}
{"op":"mcm","clk":"7645988982","pt":1538870281787,"mc":[{"id":"1.149175907","rc":[{"ltp":1.39,"id":19924834}]}]}
{"op":"mcm","clk":"7646001951","pt":1538870403662,"mc":[{"id":"1.149175907","rc":[{"ltp":1.4,"id":19924834}]}]}
{"op":"mcm","clk":"7646034829","pt":1538870655965,"mc":[{"id":"1.149175907","rc":[{"ltp":3.45,"id":19924831}]}]}
{"op":"mcm","clk":"7646057507","pt":1538870844982,"mc":[{"id":"1.149175907","rc":[{"ltp":1.39,"id":19924834}]}]}
{"op":"mcm","clk":"7646084286","pt":1538871061473,"mc":[{"id":"1.149175907","rc":[{"ltp":1.41,"id":19924834}]}]}
{"op":"mcm","clk":"7646108195","pt":1538871152541,"mc":[{"id":"1.149175907","rc":[{"ltp":3.4,"id":19924831}]}]}
{"op":"mcm","clk":"7646183704","pt":1538871681737,"mc":[{"id":"1.149175907","rc":[{"ltp":1.42,"id":19924834}]}]}
{"op":"mcm","clk":"7646218647","pt":1538871985889,"mc":[{"id":"1.149175907","rc":[{"ltp":3.35,"id":19924831}]}]}
{"op":"mcm","clk":"7646266724","pt":1538872291975,"mc":[{"id":"1.149175907","rc":[{"ltp":3.5,"id":19924831},{"ltp":1.4,"id":19924834}]}]}
{"op":"mcm","clk":"7646312151","pt":1538872651864,"mc":[{"id":"1.149175907","rc":[{"ltp":1.39,"id":19924834}]}]}
{"op":"mcm","clk":"7646420457","pt":1538873424185,"mc":[{"id":"1.149175907","rc":[{"ltp":1.4,"id":19924834}]}]}
{"op":"mcm","clk":"7646486571","pt":1538873912241,"mc":[{"id":"1.149175907","rc":[{"ltp":1.39,"id":19924834}]}]}
{"op":"mcm","clk":"7646492521","pt":1538873972721,"mc":[{"id":"1.149175907","rc":[{"ltp":1.4,"id":19924834}]}]}
{"op":"mcm","clk":"7646525676","pt":1538874272492,"mc":[{"id":"1.149175907","rc":[{"ltp":1.41,"id":19924834}]}]}
{"op":"mcm","clk":"7646607792","pt":1538874854937,"mc":[{"id":"1.149175907","rc":[{"ltp":1.39,"id":19924834}]}]}
{"op":"mcm","clk":"7646788402","pt":1538876421461,"mc":[{"id":"1.149175907","rc":[{"ltp":1.4,"id":19924834}]}]}
{"op":"mcm","clk":"7646838405","pt":1538876813622,"mc":[{"id":"1.149175907","rc":[{"ltp":1.39,"id":19924834}]}]}
{"op":"mcm","clk":"7646855211","pt":1538877004453,"mc":[{"id":"1.149175907","rc":[{"ltp":1.38,"id":19924834}]}]}
{"op":"mcm","clk":"7646926691","pt":1538877741047,"mc":[{"id":"1.149175907","rc":[{"ltp":1.39,"id":19924834}]}]}
{"op":"mcm","clk":"7646936933","pt":1538877884054,"mc":[{"id":"1.149175907","rc":[{"ltp":3.55,"id":19924831}]}]}
{"op":"mcm","clk":"7647011150","pt":1538878787674,"mc":[{"id":"1.149175907","rc":[{"ltp":1.38,"id":19924834}]}]}
{"op":"mcm","clk":"7647072321","pt":1538879540171,"mc":[{"id":"1.149175907","rc":[{"ltp":1.4,"id":19924834}]}]}
{"op":"mcm","clk":"7647097816","pt":1538879931089,"mc":[{"id":"1.149175907","rc":[{"ltp":1.38,"id":19924834}]}]}
{"op":"mcm","clk":"7647126205","pt":1538880136814,"mc":[{"id":"1.149175907","rc":[{"ltp":3.5,"id":19924831}]}]}
{"op":"mcm","clk":"7647148189","pt":1538880426390,"mc":[{"id":"1.149175907","rc":[{"ltp":1.39,"id":19924834}]}]}
{"op":"mcm","clk":"7647161627","pt":1538880608272,"mc":[{"id":"1.149175907","rc":[{"ltp":1.38,"id":19924834}]}]}
{"op":"mcm","clk":"7647205350","pt":1538881050625,"mc":[{"id":"1.149175907","rc":[{"ltp":1.4,"id":19924834}]}]}
{"op":"mcm","clk":"7647216529","pt":1538881228762,"mc":[{"id":"1.149175907","rc":[{"ltp":3.55,"id":19924831}]}]}
{"op":"mcm","clk":"7647220830","pt":1538881289337,"mc":[{"id":"1.149175907","rc":[{"ltp":3.5,"id":19924831},{"ltp":1.41,"id":19924834}]}]}
{"op":"mcm","clk":"7647233119","pt":1538881461253,"mc":[{"id":"1.149175907","rc":[{"ltp":1.4,"id":19924834}]}]}
{"op":"mcm","clk":"7647246753","pt":1538881648121,"mc":[{"id":"1.149175907","rc":[{"ltp":1.41,"id":19924834}]}]}
{"op":"mcm","clk":"7647251161","pt":1538881708539,"mc":[{"id":"1.149175907","rc":[{"ltp":3.45,"id":19924831}]}]}
{"op":"mcm","clk":"7647299770","pt":1538882171903,"mc":[{"id":"1.149175907","rc":[{"ltp":1.4,"id":19924834}]}]}
{"op":"mcm","clk":"7647321426","pt":1538882490582,"mc":[{"id":"1.149175907","rc":[{"ltp":1.41,"id":19924834}]}]}
{"op":"mcm","clk":"7647325164","pt":1538882544375,"mc":[{"id":"1.149175907","rc":[{"ltp":1.4,"id":19924834}]}]}
{"op":"mcm","clk":"7647381126","pt":1538883150737,"mc":[{"id":"1.149175907","rc":[{"ltp":3.5,"id":19924831}]}]}
{"op":"mcm","clk":"7647407102","pt":1538883568229,"mc":[{"id":"1.149175907","rc":[{"ltp":1.39,"id":19924834}]}]}
{"op":"mcm","clk":"7647441903","pt":1538883922832,"mc":[{"id":"1.149175907","rc":[{"ltp":1.4,"id":19924834}]}]}
{"op":"mcm","clk":"7647453691","pt":1538884109047,"mc":[{"id":"1.149175907","rc":[{"ltp":1.41,"id":19924834}]}]}
{"op":"mcm","clk":"7647462124","pt":1538884225114,"mc":[{"id":"1.149175907","rc":[{"ltp":3.4,"id":19924831}]}]}
{"op":"mcm","clk":"7647470733","pt":1538884350134,"mc":[{"id":"1.149175907","rc":[{"ltp":3.45,"id":19924831}]}]}
{"op":"mcm","clk":"7647532430","pt":1538885023727,"mc":[{"id":"1.149175907","rc":[{"ltp":1.42,"id":19924834}]}]}
{"op":"mcm","clk":"7647591228","pt":1538885609387,"mc":[{"id":"1.149175907","rc":[{"ltp":3.4,"id":19924831},{"ltp":1.41,"id":19924834}]}]}
{"op":"mcm","clk":"7647608140","pt":1538885806215,"mc":[{"id":"1.149175907","rc":[{"ltp":3.45,"id":19924831}]}]}
{"op":"mcm","clk":"7647615503","pt":1538885912614,"mc":[{"id":"1.149175907","rc":[{"ltp":3.5,"id":19924831},{"ltp":1.4,"id":19924834}]}]}
{"op":"mcm","clk":"7647620141","pt":1538885968848,"mc":[{"id":"1.149175907","rc":[{"ltp":1.41,"id":19924834}]}]}
{"op":"mcm","clk":"7647636365","pt":1538886189983,"mc":[{"id":"1.149175907","rc":[{"ltp":1.4,"id":19924834}]}]}
{"op":"mcm","clk":"7647650112","pt":1538886369023,"mc":[{"id":"1.149175907","rc":[{"ltp":1.41,"id":19924834}]}]}
{"op":"mcm","clk":"7647677004","pt":1538886565184,"mc":[{"id":"1.149175907","rc":[{"ltp":3.4,"id":19924831}]}]}
{"op":"mcm","clk":"7647680225","pt":1538886607760,"mc":[{"id":"1.149175907","rc":[{"ltp":3.45,"id":19924831}]}]}
{"op":"mcm","clk":"7647717929","pt":1538887096894,"mc":[{"id":"1.149175907","rc":[{"ltp":1.4,"id":19924834}]}]}
{"op":"mcm","clk":"7647747410","pt":1538887328638,"mc":[{"id":"1.149175907","rc":[{"ltp":1.41,"id":19924834}]}]}
{"op":"mcm","clk":"7647782444","pt":1538887827569,"mc":[{"id":"1.149175907","rc":[{"ltp":1.42,"id":19924834}]}]}
{"op":"mcm","clk":"7647837434","pt":1538888424744,"mc":[{"id":"1.149175907","rc":[{"ltp":3.5,"id":19924831},{"ltp":1.4,"id":19924834}]}]}
{"op":"mcm","clk":"7647864164","pt":1538888792730,"mc":[{"id":"1.149175907","rc":[{"ltp":1.41,"id":19924834}]}]}
{"op":"mcm","clk":"7647876180","pt":1538888969156,"mc":[{"id":"1.149175907","rc":[{"ltp":1.4,"id":19924834}]}]}
{"op":"mcm","clk":"7647878316","pt":1538888997174,"mc":[{"id":"1.149175907","rc":[{"ltp":1.41,"id":19924834}]}]}
{"op":"mcm","clk":"7647910133","pt":1538889207561,"mc":[{"id":"1.149175907","rc":[{"ltp":3.4,"id":19924831}]}]}
{"op":"mcm","clk":"7647921649","pt":1538889330371,"mc":[{"id":"1.149175907","rc":[{"ltp":1.4,"id":19924834}]}]}
{"op":"mcm","clk":"7647927267","pt":1538889390034,"mc":[{"id":"1.149175907","rc":[{"ltp":1.41,"id":19924834}]}]}
{"op":"mcm","clk":"7647927569","pt":1538889392957,"mc":[{"id":"1.149175907","rc":[{"ltp":1.4,"id":19924834}]}]}
{"op":"mcm","clk":"7647963426","pt":1538889828999,"mc":[{"id":"1.149175907","rc":[{"ltp":1.41,"id":19924834}]}]}
{"op":"mcm","clk":"7648005029","pt":1538890226847,"mc":[{"id":"1.149175907","rc":[{"ltp":3.45,"id":19924831}]}]}
{"op":"mcm","clk":"7648049549","pt":1538890706977,"mc":[{"id":"1.149175907","rc":[{"ltp":3.4,"id":19924831},{"ltp":1.4,"id":19924834}]}]}
{"op":"mcm","clk":"7648102064","pt":1538891132469,"mc":[{"id":"1.149175907","rc":[{"ltp":3.5,"id":19924831},{"ltp":1.41,"id":19924834}]}]}
{"op":"mcm","clk":"7648117557","pt":1538891298617,"mc":[{"id":"1.149175907","rc":[{"ltp":1.4,"id":19924834}]}]}
{"op":"mcm","clk":"7648120063","pt":1538891326573,"mc":[{"id":"1.149175907","rc":[{"ltp":1.41,"id":19924834}]}]}
{"op":"mcm","clk":"7648185582","pt":1538892032538,"mc":[{"id":"1.149175907","rc":[{"ltp":3.4,"id":19924831}]}]}
{"op":"mcm","clk":"7648194177","pt":1538892152768,"mc":[{"id":"1.149175907","rc":[{"ltp":3.35,"id":19924831},{"ltp":1.42,"id":19924834}]}]}
{"op":"mcm","clk":"7648196965","pt":1538892189031,"mc":[{"id":"1.149175907","rc":[{"ltp":1.41,"id":19924834}]}]}
{"op":"mcm","clk":"7648202693","pt":1538892271969,"mc":[{"id":"1.149175907","rc":[{"ltp":3.4,"id":19924831}]}]}
{"op":"mcm","clk":"7648211059","pt":1538892392299,"mc":[{"id":"1.149175907","rc":[{"ltp":1.42,"id":19924834}]}]}
{"op":"mcm","clk":"7648214571","pt":1538892442317,"mc":[{"id":"1.149175907","rc":[{"ltp":1.43,"id":19924834}]}]}
{"op":"mcm","clk":"7648219480","pt":1538892512791,"mc":[{"id":"1.149175907","rc":[{"ltp":3.35,"id":19924831},{"ltp":1.42,"id":19924834}]}]}
{"op":"mcm","clk":"7648223090","pt":1538892565536,"mc":[{"id":"1.149175907","rc":[{"ltp":1.43,"id":19924834}]}]}
{"op":"mcm","clk":"7648228986","pt":1538892632470,"mc":[{"id":"1.149175907","rc":[{"ltp":1.42,"id":19924834}]}]}
{"op":"mcm","clk":"7648233538","pt":1538892692780,"mc":[{"id":"1.149175907","rc":[{"ltp":1.41,"id":19924834}]}]}
{"op":"mcm","clk":"7648250084","pt":1538892751110,"mc":[{"id":"1.149175907","rc":[{"ltp":1.42,"id":19924834}]}]}
{"op":"mcm","clk":"7648255026","pt":1538892812165,"mc":[{"id":"1.149175907","rc":[{"ltp":1.41,"id":19924834}]}]}
{"op":"mcm","clk":"7648267773","pt":1538892975305,"mc":[{"id":"1.149175907","rc":[{"ltp":3.4,"id":19924831},{"ltp":1.42,"id":19924834}]}]}
{"op":"mcm","clk":"7648277625","pt":1538893112745,"mc":[{"id":"1.149175907","rc":[{"ltp":1.41,"id":19924834}]}]}
{"op":"mcm","clk":"7648286062","pt":1538893231798,"mc":[{"id":"1.149175907","rc":[{"ltp":3.35,"id":19924831},{"ltp":1.42,"id":19924834}]}]}
{"op":"mcm","clk":"7648289514","pt":1538893280989,"mc":[{"id":"1.149175907","rc":[{"ltp":1.43,"id":19924834}]}]}
{"op":"mcm","clk":"7648299362","pt":1538893412778,"mc":[{"id":"1.149175907","rc":[{"ltp":1.41,"id":19924834}]}]}
{"op":"mcm","clk":"7648303903","pt":1538893469778,"mc":[{"id":"1.149175907","rc":[{"ltp":1.43,"id":19924834}]}]}
{"op":"mcm","clk":"7648331020","pt":1538893651545,"mc":[{"id":"1.149175907","rc":[{"ltp":1.42,"id":19924834}]}]}
{"op":"mcm","clk":"7648333874","pt":1538893687895,"mc":[{"id":"1.149175907","rc":[{"ltp":1.41,"id":19924834}]}]}
{"op":"mcm","clk":"7648339758","pt":1538893769170,"mc":[{"id":"1.149175907","marketDefinition":{"bspMarket":false,"turnInPlayEnabled":true,"persistenceEnabled":true,"marketBaseRate":5.0,"eventId":"28941881","eventTypeId":"2","numberOfWinners":1,"bettingType":"ODDS","marketType":"MATCH_ODDS","marketTime":"2018-10-07T06:25:00.000Z","suspendTime":"2018-10-07T06:25:00.000Z","bspReconciled":false,"complete":true,"inPlay":false,"crossMatching":true,"runnersVoidable":false,"numberOfActiveRunners":2,"betDelay":0,"status":"OPEN","runners":[{"status":"ACTIVE","sortPriority":1,"id":19924831,"name":"Daniil Medvedev"},{"status":"ACTIVE","sortPriority":2,"id":19924834,"name":"Kei Nishikori"}],"regulators":["MR_INT"],"countryCode":"JP","discountAllowed":true,"timezone":"UTC","openDate":"2018-10-07T06:25:00.000Z","version":2443095468,"name":"Match Odds","eventName":"Medvedev v Nishikori"},"rc":[{"ltp":3.4,"id":19924831}]}]}
{"op":"mcm","clk":"7648344219","pt":1538893832707,"mc":[{"id":"1.149175907","rc":[{"ltp":3.45,"id":19924831}]}]}
{"op":"mcm","clk":"7648351915","pt":1538893948256,"mc":[{"id":"1.149175907","rc":[{"ltp":1.4,"id":19924834}]}]}
{"op":"mcm","clk":"7648355570","pt":1538894012708,"mc":[{"id":"1.149175907","rc":[{"ltp":3.55,"id":19924831}]}]}
{"op":"mcm","clk":"7648359144","pt":1538894072597,"mc":[{"id":"1.149175907","rc":[{"ltp":1.39,"id":19924834}]}]}
{"op":"mcm","clk":"7648362772","pt":1538894131642,"mc":[{"id":"1.149175907","rc":[{"ltp":3.5,"id":19924831}]}]}
{"op":"mcm","clk":"7648366543","pt":1538894192041,"mc":[{"id":"1.149175907","rc":[{"ltp":3.45,"id":19924831},{"ltp":1.4,"id":19924834}]}]}
{"op":"mcm","clk":"7648370133","pt":1538894252442,"mc":[{"id":"1.149175907","rc":[{"ltp":3.5,"id":19924831},{"ltp":1.39,"id":19924834}]}]}
{"op":"mcm","clk":"7648373888","pt":1538894311828,"mc":[{"id":"1.149175907","rc":[{"ltp":3.55,"id":19924831},{"ltp":1.4,"id":19924834}]}]}
{"op":"mcm","clk":"7648377270","pt":1538894371516,"mc":[{"id":"1.149175907","rc":[{"ltp":3.5,"id":19924831},{"ltp":1.41,"id":19924834}]}]}
{"op":"mcm","clk":"7648380677","pt":1538894432563,"mc":[{"id":"1.149175907","rc":[{"ltp":1.4,"id":19924834}]}]}
{"op":"mcm","clk":"7648383954","pt":1538894490460,"mc":[{"id":"1.149175907","rc":[{"ltp":3.7,"id":19924831},{"ltp":1.37,"id":19924834}]}]}
{"op":"mcm","clk":"7648399945","pt":1538894552441,"mc":[{"id":"1.149175907","marketDefinition":{"bspMarket":false,"turnInPlayEnabled":true,"persistenceEnabled":true,"marketBaseRate":5.0,"eventId":"28941881","eventTypeId":"2","numberOfWinners":1,"bettingType":"ODDS","marketType":"MATCH_ODDS","marketTime":"2018-10-07T06:25:00.000Z","suspendTime":"2018-10-07T06:25:00.000Z","bspReconciled":false,"complete":true,"inPlay":true,"crossMatching":true,"runnersVoidable":false,"numberOfActiveRunners":2,"betDelay":5,"status":"OPEN","runners":[{"status":"ACTIVE","sortPriority":1,"id":19924831,"name":"Daniil Medvedev"},{"status":"ACTIVE","sortPriority":2,"id":19924834,"name":"Kei Nishikori"}],"regulators":["MR_INT"],"countryCode":"JP","discountAllowed":true,"timezone":"UTC","openDate":"2018-10-07T06:25:00.000Z","version":2443102774,"name":"Match Odds","eventName":"Medvedev v Nishikori"},"rc":[{"ltp":3.35,"id":19924831},{"ltp":1.4,"id":19924834}]}]}
{"op":"mcm","clk":"7648402797","pt":1538894611663,"mc":[{"id":"1.149175907","rc":[{"ltp":3.85,"id":19924831},{"ltp":1.35,"id":19924834}]}]}
{"op":"mcm","clk":"7648405954","pt":1538894672723,"mc":[{"id":"1.149175907","rc":[{"ltp":4.3,"id":19924831},{"ltp":1.3,"id":19924834}]}]}
{"op":"mcm","clk":"7648409269","pt":1538894732802,"mc":[{"id":"1.149175907","rc":[{"ltp":3.55,"id":19924831},{"ltp":1.35,"id":19924834}]}]}
{"op":"mcm","clk":"7648412759","pt":1538894791985,"mc":[{"id":"1.149175907","rc":[{"ltp":1.38,"id":19924834}]}]}
{"op":"mcm","clk":"7648416342","pt":1538894852396,"mc":[{"id":"1.149175907","rc":[{"ltp":3.45,"id":19924831},{"ltp":1.41,"id":19924834}]}]}
{"op":"mcm","clk":"7648419428","pt":1538894912197,"mc":[{"id":"1.149175907","rc":[{"ltp":3.3,"id":19924831}]}]}
{"op":"mcm","clk":"7648422583","pt":1538894972713,"mc":[{"id":"1.149175907","rc":[{"ltp":3.65,"id":19924831},{"ltp":1.38,"id":19924834}]}]}
{"op":"mcm","clk":"7648426186","pt":1538895032679,"mc":[{"id":"1.149175907","rc":[{"ltp":3.5,"id":19924831},{"ltp":1.4,"id":19924834}]}]}
{"op":"mcm","clk":"7648430171","pt":1538895092800,"mc":[{"id":"1.149175907","rc":[{"ltp":3.25,"id":19924831},{"ltp":1.44,"id":19924834}]}]}
{"op":"mcm","clk":"7648433703","pt":1538895152820,"mc":[{"id":"1.149175907","rc":[{"ltp":3.15,"id":19924831},{"ltp":1.46,"id":19924834}]}]}
{"op":"mcm","clk":"7648437421","pt":1538895212421,"mc":[{"id":"1.149175907","rc":[{"ltp":2.84,"id":19924831},{"ltp":1.54,"id":19924834}]}]}
{"op":"mcm","clk":"7648440968","pt":1538895272264,"mc":[{"id":"1.149175907","rc":[{"ltp":2.56,"id":19924831},{"ltp":1.63,"id":19924834}]}]}
{"op":"mcm","clk":"7648444768","pt":1538895332704,"mc":[{"id":"1.149175907","rc":[{"ltp":2.02,"id":19924831},{"ltp":1.98,"id":19924834}]}]}
{"op":"mcm","clk":"7648448760","pt":1538895392805,"mc":[{"id":"1.149175907","rc":[{"ltp":1.84,"id":19924831},{"ltp":2.16,"id":19924834}]}]}
{"op":"mcm","clk":"7648464255","pt":1538895452736,"mc":[{"id":"1.149175907","rc":[{"ltp":1.81,"id":19924831},{"ltp":2.22,"id":19924834}]}]}
{"op":"mcm","clk":"7648468288","pt":1538895512726,"mc":[{"id":"1.149175907","rc":[{"ltp":1.8,"id":19924831},{"ltp":2.24,"id":19924834}]}]}
{"op":"mcm","clk":"7648472451","pt":1538895572644,"mc":[{"id":"1.149175907","rc":[{"ltp":1.86,"id":19924831},{"ltp":2.14,"id":19924834}]}]}
{"op":"mcm","clk":"7648476624","pt":1538895632713,"mc":[{"id":"1.149175907","rc":[{"ltp":1.84,"id":19924831},{"ltp":2.16,"id":19924834}]}]}
{"op":"mcm","clk":"7648482226","pt":1538895692537,"mc":[{"id":"1.149175907","rc":[{"ltp":1.75,"id":19924831},{"ltp":2.34,"id":19924834}]}]}
{"op":"mcm","clk":"7648487037","pt":1538895752715,"mc":[{"id":"1.149175907","rc":[{"ltp":1.66,"id":19924831},{"ltp":2.5,"id":19924834}]}]}
{"op":"mcm","clk":"7648495747","pt":1538895872258,"mc":[{"id":"1.149175907","rc":[{"ltp":1.63,"id":19924831},{"ltp":2.66,"id":19924834}]}]}
{"op":"mcm","clk":"7648500309","pt":1538895932728,"mc":[{"id":"1.149175907","rc":[{"ltp":1.67,"id":19924831},{"ltp":2.48,"id":19924834}]}]}
{"op":"mcm","clk":"7648503986","pt":1538895992697,"mc":[{"id":"1.149175907","rc":[{"ltp":1.54,"id":19924831},{"ltp":2.86,"id":19924834}]}]}
{"op":"mcm","clk":"7648507668","pt":1538896051929,"mc":[{"id":"1.149175907","rc":[{"ltp":1.57,"id":19924831},{"ltp":2.74,"id":19924834}]}]}
{"op":"mcm","clk":"7648511247","pt":1538896112598,"mc":[{"id":"1.149175907","rc":[{"ltp":1.5,"id":19924831},{"ltp":3.0,"id":19924834}]}]}
{"op":"mcm","clk":"7648515110","pt":1538896172782,"mc":[{"id":"1.149175907","rc":[{"ltp":1.49,"id":19924831}]}]}
{"op":"mcm","clk":"7648518861","pt":1538896232744,"mc":[{"id":"1.149175907","rc":[{"ltp":1.48,"id":19924831},{"ltp":3.05,"id":19924834}]}]}
{"op":"mcm","clk":"7648522481","pt":1538896292754,"mc":[{"id":"1.149175907","rc":[{"ltp":1.39,"id":19924831},{"ltp":3.6,"id":19924834}]}]}
{"op":"mcm","clk":"7648538130","pt":1538896352623,"mc":[{"id":"1.149175907","rc":[{"ltp":1.4,"id":19924831},{"ltp":3.45,"id":19924834}]}]}
{"op":"mcm","clk":"7648541313","pt":1538896412738,"mc":[{"id":"1.149175907","rc":[{"ltp":1.42,"id":19924831},{"ltp":3.4,"id":19924834}]}]}
{"op":"mcm","clk":"7648545166","pt":1538896472810,"mc":[{"id":"1.149175907","rc":[{"ltp":1.47,"id":19924831},{"ltp":3.05,"id":19924834}]}]}
{"op":"mcm","clk":"7648549409","pt":1538896532791,"mc":[{"id":"1.149175907","rc":[{"ltp":1.44,"id":19924831},{"ltp":3.25,"id":19924834}]}]}
{"op":"mcm","clk":"7648553291","pt":1538896592603,"mc":[{"id":"1.149175907","rc":[{"ltp":1.38,"id":19924831},{"ltp":3.7,"id":19924834}]}]}
{"op":"mcm","clk":"7648556859","pt":1538896652824,"mc":[{"id":"1.149175907","rc":[{"ltp":3.6,"id":19924834}]}]}
{"op":"mcm","clk":"7648559856","pt":1538896712602,"mc":[{"id":"1.149175907","rc":[{"ltp":1.4,"id":19924831},{"ltp":3.5,"id":19924834}]}]}
{"op":"mcm","clk":"7648562851","pt":1538896772562,"mc":[{"id":"1.149175907","rc":[{"ltp":3.4,"id":19924834}]}]}
{"op":"mcm","clk":"7648566065","pt":1538896832741,"mc":[{"id":"1.149175907","rc":[{"ltp":1.29,"id":19924831},{"ltp":4.4,"id":19924834}]}]}
{"op":"mcm","clk":"7648569456","pt":1538896892440,"mc":[{"id":"1.149175907","rc":[{"ltp":1.34,"id":19924831},{"ltp":3.9,"id":19924834}]}]}
{"op":"mcm","clk":"7648573033","pt":1538896952781,"mc":[{"id":"1.149175907","rc":[{"ltp":1.22,"id":19924831},{"ltp":5.3,"id":19924834}]}]}
{"op":"mcm","clk":"7648576726","pt":1538897012821,"mc":[{"id":"1.149175907","rc":[{"ltp":1.41,"id":19924831},{"ltp":3.45,"id":19924834}]}]}
{"op":"mcm","clk":"7648580060","pt":1538897072738,"mc":[{"id":"1.149175907","rc":[{"ltp":1.53,"id":19924831},{"ltp":2.96,"id":19924834}]}]}
{"op":"mcm","clk":"7648583911","pt":1538897132792,"mc":[{"id":"1.149175907","rc":[{"ltp":1.46,"id":19924831},{"ltp":3.1,"id":19924834}]}]}
{"op":"mcm","clk":"7648588052","pt":1538897192678,"mc":[{"id":"1.149175907","rc":[{"ltp":1.35,"id":19924831},{"ltp":3.85,"id":19924834}]}]}
{"op":"mcm","clk":"7648603655","pt":1538897252725,"mc":[{"id":"1.149175907","rc":[{"ltp":1.33,"id":19924831},{"ltp":4.0,"id":19924834}]}]}
{"op":"mcm","clk":"7648610992","pt":1538897372581,"mc":[{"id":"1.149175907","rc":[{"ltp":1.32,"id":19924831},{"ltp":4.1,"id":19924834}]}]}
{"op":"mcm","clk":"7648614868","pt":1538897432579,"mc":[{"id":"1.149175907","rc":[{"ltp":1.42,"id":19924831},{"ltp":3.45,"id":19924834}]}]}
{"op":"mcm","clk":"7648618807","pt":1538897492789,"mc":[{"id":"1.149175907","rc":[{"ltp":3.4,"id":19924834}]}]}
{"op":"mcm","clk":"7648623572","pt":1538897552405,"mc":[{"id":"1.149175907","rc":[{"ltp":1.38,"id":19924831},{"ltp":3.6,"id":19924834}]}]}
{"op":"mcm","clk":"7648627773","pt":1538897612752,"mc":[{"id":"1.149175907","rc":[{"ltp":1.32,"id":19924831},{"ltp":4.0,"id":19924834}]}]}
{"op":"mcm","clk":"7648631473","pt":1538897672566,"mc":[{"id":"1.149175907","rc":[{"ltp":1.31,"id":19924831},{"ltp":4.2,"id":19924834}]}]}
{"op":"mcm","clk":"7648639804","pt":1538897792419,"mc":[{"id":"1.149175907","rc":[{"ltp":1.39,"id":19924831},{"ltp":3.65,"id":19924834}]}]}
{"op":"mcm","clk":"7648644201","pt":1538897852805,"mc":[{"id":"1.149175907","rc":[{"ltp":1.36,"id":19924831},{"ltp":3.9,"id":19924834}]}]}
{"op":"mcm","clk":"7648648407","pt":1538897912545,"mc":[{"id":"1.149175907","rc":[{"ltp":1.37,"id":19924831},{"ltp":3.75,"id":19924834}]}]}
{"op":"mcm","clk":"7648653196","pt":1538897972763,"mc":[{"id":"1.149175907","rc":[{"ltp":1.4,"id":19924831},{"ltp":3.4,"id":19924834}]}]}
{"op":"mcm","clk":"7648657435","pt":1538898032046,"mc":[{"id":"1.149175907","rc":[{"ltp":1.33,"id":19924831},{"ltp":3.6,"id":19924834}]}]}
{"op":"mcm","clk":"7648662169","pt":1538898092694,"mc":[{"id":"1.149175907","rc":[{"ltp":1.29,"id":19924831},{"ltp":4.4,"id":19924834}]}]}
{"op":"mcm","clk":"7648682295","pt":1538898212628,"mc":[{"id":"1.149175907","rc":[{"ltp":1.33,"id":19924831},{"ltp":4.1,"id":19924834}]}]}
{"op":"mcm","clk":"7648687294","pt":1538898272814,"mc":[{"id":"1.149175907","rc":[{"ltp":1.19,"id":19924831},{"ltp":6.2,"id":19924834}]}]}
{"op":"mcm","clk":"7648692037","pt":1538898332700,"mc":[{"id":"1.149175907","rc":[{"ltp":1.07,"id":19924831},{"ltp":13.5,"id":19924834}]}]}
{"op":"mcm","clk":"7648695041","pt":1538898377162,"mc":[{"id":"1.149175907","marketDefinition":{"bspMarket":false,"turnInPlayEnabled":true,"persistenceEnabled":true,"marketBaseRate":5.0,"eventId":"28941881","eventTypeId":"2","numberOfWinners":1,"bettingType":"ODDS","marketType":"MATCH_ODDS","marketTime":"2018-10-07T06:25:00.000Z","suspendTime":"2018-10-07T06:25:00.000Z","bspReconciled":false,"complete":true,"inPlay":true,"crossMatching":true,"runnersVoidable":false,"numberOfActiveRunners":2,"betDelay":5,"status":"SUSPENDED","runners":[{"status":"ACTIVE","sortPriority":1,"id":19924831,"name":"Daniil Medvedev"},{"status":"ACTIVE","sortPriority":2,"id":19924834,"name":"Kei Nishikori"}],"regulators":["MR_INT"],"countryCode":"JP","discountAllowed":true,"timezone":"UTC","openDate":"2018-10-07T06:25:00.000Z","version":2443162700,"name":"Match Odds","eventName":"Medvedev v Nishikori"},"rc":[{"ltp":1.08,"id":19924831}]}]}
{"op":"mcm","clk":"7648699778","pt":1538898443086,"mc":[{"id":"1.149175907","marketDefinition":{"bspMarket":false,"turnInPlayEnabled":true,"persistenceEnabled":true,"marketBaseRate":5.0,"eventId":"28941881","eventTypeId":"2","numberOfWinners":1,"bettingType":"ODDS","marketType":"MATCH_ODDS","marketTime":"2018-10-07T06:25:00.000Z","suspendTime":"2018-10-07T06:25:00.000Z","bspReconciled":false,"complete":true,"inPlay":true,"crossMatching":false,"runnersVoidable":false,"numberOfActiveRunners":0,"betDelay":5,"status":"CLOSED","settledTime":"2018-10-07T07:46:15.000Z","runners":[{"status":"WINNER","sortPriority":1,"id":19924831,"name":"Daniil Medvedev"},{"status":"LOSER","sortPriority":2,"id":19924834,"name":"Kei Nishikori"}],"regulators":["MR_INT"],"countryCode":"JP","discountAllowed":true,"timezone":"UTC","openDate":"2018-10-07T06:25:00.000Z","version":2443163792,"name":"Match Odds","eventName":"Medvedev v Nishikori"}}]}
