{"op":"mcm","clk":"7625609528","pt":1539265220450,"mc":[{"id":"1.149414951","marketDefinition":{"bspMarket":false,"turnInPlayEnabled":true,"persistenceEnabled":true,"marketBaseRate":5.0,"eventId":"28950928","eventTypeId":"2","numberOfWinners":1,"bettingType":"ODDS","marketType":"MATCH_ODDS","marketTime":"2018-10-12T10:00:00.000Z","suspendTime":"2018-10-12T10:00:00.000Z","bspReconciled":false,"complete":true,"inPlay":false,"crossMatching":true,"runnersVoidable":false,"numberOfActiveRunners":2,"betDelay":0,"status":"OPEN","runners":[{"status":"ACTIVE","sortPriority":1,"id":7446579,"name":"Borna Coric"},{"status":"ACTIVE","sortPriority":2,"id":4423910,"name":"Matthew Ebden"}],"regulators":["MR_INT"],"countryCode":"CN","discountAllowed":true,"timezone":"UTC","openDate":"2018-10-12T10:00:00.000Z","version":2449687056,"name":"Match Odds","eventName":"Coric v Ebden"}}]}
{"op":"mcm","clk":"7625865291","pt":1539267740451,"mc":[{"id":"1.149414951","rc":[{"ltp":3.4,"id":4423910},{"ltp":1.4,"id":7446579}]}]}
{"op":"mcm","clk":"7625874907","pt":1539267838478,"mc":[{"id":"1.149414951","rc":[{"ltp":2.96,"id":4423910},{"ltp":1.51,"id":7446579}]}]}
{"op":"mcm","clk":"7625891294","pt":1539267986671,"mc":[{"id":"1.149414951","rc":[{"ltp":1.35,"id":7446579}]}]}
{"op":"mcm","clk":"7625936108","pt":1539268455809,"mc":[{"id":"1.149414951","rc":[{"ltp":3.85,"id":4423910}]}]}
{"op":"mcm","clk":"7626375106","pt":1539272307640,"mc":[{"id":"1.149414951","rc":[{"ltp":3.55,"id":4423910}]}]}
{"op":"mcm","clk":"7626478027","pt":1539273297368,"mc":[{"id":"1.149414951","rc":[{"ltp":3.6,"id":4423910}]}]}
{"op":"mcm","clk":"7626504796","pt":1539273561809,"mc":[{"id":"1.149414951","rc":[{"ltp":3.55,"id":4423910}]}]}
{"op":"mcm","clk":"7626755776","pt":1539275907676,"mc":[{"id":"1.149414951","rc":[{"ltp":3.45,"id":4423910},{"ltp":1.4,"id":7446579}]}]}
{"op":"mcm","clk":"7626761405","pt":1539275957421,"mc":[{"id":"1.149414951","rc":[{"ltp":3.35,"id":4423910}]}]}
{"op":"mcm","clk":"7626773515","pt":1539276085246,"mc":[{"id":"1.149414951","rc":[{"ltp":1.42,"id":7446579}]}]}
{"op":"mcm","clk":"7626801168","pt":1539276374068,"mc":[{"id":"1.149414951","rc":[{"ltp":1.43,"id":7446579}]}]}
{"op":"mcm","clk":"7626886709","pt":1539277099969,"mc":[{"id":"1.149414951","rc":[{"ltp":1.42,"id":7446579}]}]}
{"op":"mcm","clk":"7626897691","pt":1539277204213,"mc":[{"id":"1.149414951","rc":[{"ltp":3.45,"id":4423910},{"ltp":1.41,"id":7446579}]}]}
{"op":"mcm","clk":"7627010498","pt":1539278012079,"mc":[{"id":"1.149414951","rc":[{"ltp":1.4,"id":7446579}]}]}
{"op":"mcm","clk":"7627037810","pt":1539278247574,"mc":[{"id":"1.149414951","rc":[{"ltp":3.35,"id":4423910},{"ltp":1.43,"id":7446579}]}]}
{"op":"mcm","clk":"7627307371","pt":1539280578371,"mc":[{"id":"1.149414951","rc":[{"ltp":3.4,"id":4423910}]}]}
{"op":"mcm","clk":"7627321066","pt":1539280732115,"mc":[{"id":"1.149414951","rc":[{"ltp":3.35,"id":4423910}]}]}
{"op":"mcm","clk":"7627587425","pt":1539283043896,"mc":[{"id":"1.149414951","rc":[{"ltp":1.42,"id":7446579}]}]}
{"op":"mcm","clk":"7627626969","pt":1539283437504,"mc":[{"id":"1.149414951","rc":[{"ltp":3.3,"id":4423910}]}]}
{"op":"mcm","clk":"7627661085","pt":1539283738810,"mc":[{"id":"1.149414951","rc":[{"ltp":1.44,"id":7446579}]}]}
{"op":"mcm","clk":"7627882840","pt":1539285847093,"mc":[{"id":"1.149414951","rc":[{"ltp":1.42,"id":7446579}]}]}
{"op":"mcm","clk":"7628117747","pt":1539288447434,"mc":[{"id":"1.149414951","rc":[{"ltp":3.35,"id":4423910}]}]}
{"op":"mcm","clk":"7628120145","pt":1539288468106,"mc":[{"id":"1.149414951","rc":[{"ltp":3.4,"id":4423910}]}]}
{"op":"mcm","clk":"7628125885","pt":1539288523719,"mc":[{"id":"1.149414951","rc":[{"ltp":3.3,"id":4423910}]}]}
{"op":"mcm","clk":"7628135034","pt":1539288619298,"mc":[{"id":"1.149414951","rc":[{"ltp":1.43,"id":7446579}]}]}
{"op":"mcm","clk":"7628184733","pt":1539289166678,"mc":[{"id":"1.149414951","rc":[{"ltp":3.35,"id":4423910}]}]}
{"op":"mcm","clk":"7628187366","pt":1539289196753,"mc":[{"id":"1.149414951","rc":[{"ltp":1.42,"id":7446579}]}]}
{"op":"mcm","clk":"7628226271","pt":1539289528886,"mc":[{"id":"1.149414951","rc":[{"ltp":3.4,"id":4423910}]}]}
{"op":"mcm","clk":"7628232361","pt":1539289609288,"mc":[{"id":"1.149414951","rc":[{"ltp":1.44,"id":7446579}]}]}
{"op":"mcm","clk":"7628242760","pt":1539289762292,"mc":[{"id":"1.149414951","rc":[{"ltp":1.42,"id":7446579}]}]}
{"op":"mcm","clk":"7628307512","pt":1539290601815,"mc":[{"id":"1.149414951","rc":[{"ltp":3.35,"id":4423910},{"ltp":1.41,"id":7446579}]}]}
{"op":"mcm","clk":"7628377238","pt":1539291551784,"mc":[{"id":"1.149414951","rc":[{"ltp":1.42,"id":7446579}]}]}
{"op":"mcm","clk":"7628389426","pt":1539291758441,"mc":[{"id":"1.149414951","rc":[{"ltp":1.41,"id":7446579}]}]}
{"op":"mcm","clk":"7628419286","pt":1539292089720,"mc":[{"id":"1.149414951","rc":[{"ltp":1.42,"id":7446579}]}]}
{"op":"mcm","clk":"7628424137","pt":1539292168736,"mc":[{"id":"1.149414951","rc":[{"ltp":3.4,"id":4423910}]}]}
{"op":"mcm","clk":"7628489364","pt":1539293172644,"mc":[{"id":"1.149414951","rc":[{"ltp":3.35,"id":4423910}]}]}
{"op":"mcm","clk":"7628567096","pt":1539294596227,"mc":[{"id":"1.149414951","rc":[{"ltp":3.3,"id":4423910}]}]}
{"op":"mcm","clk":"7628593452","pt":1539294982705,"mc":[{"id":"1.149414951","rc":[{"ltp":3.4,"id":4423910}]}]}
{"op":"mcm","clk":"7628617850","pt":1539295462509,"mc":[{"id":"1.149414951","rc":[{"ltp":3.3,"id":4423910}]}]}
{"op":"mcm","clk":"7628620740","pt":1539295527969,"mc":[{"id":"1.149414951","rc":[{"ltp":1.44,"id":7446579}]}]}
{"op":"mcm","clk":"7628649075","pt":1539295973864,"mc":[{"id":"1.149414951","rc":[{"ltp":3.35,"id":4423910},{"ltp":1.43,"id":7446579}]}]}
{"op":"mcm","clk":"7628662128","pt":1539296298481,"mc":[{"id":"1.149414951","rc":[{"ltp":3.3,"id":4423910}]}]}
{"op":"mcm","clk":"7628710590","pt":1539297200029,"mc":[{"id":"1.149414951","rc":[{"ltp":1.44,"id":7446579}]}]}
{"op":"mcm","clk":"7628827996","pt":1539299378114,"mc":[{"id":"1.149414951","rc":[{"ltp":1.43,"id":7446579}]}]}
{"op":"mcm","clk":"7628854177","pt":1539300071538,"mc":[{"id":"1.149414951","rc":[{"ltp":3.25,"id":4423910}]}]}
{"op":"mcm","clk":"7628885600","pt":1539300611035,"mc":[{"id":"1.149414951","rc":[{"ltp":3.3,"id":4423910}]}]}
{"op":"mcm","clk":"7629046193","pt":1539304163302,"mc":[{"id":"1.149414951","rc":[{"ltp":3.35,"id":4423910}]}]}
{"op":"mcm","clk":"7629168280","pt":1539306447657,"mc":[{"id":"1.149414951","rc":[{"ltp":3.3,"id":4423910}]}]}
{"op":"mcm","clk":"7629183089","pt":1539306799026,"mc":[{"id":"1.149414951","rc":[{"ltp":1.42,"id":7446579}]}]}
{"op":"mcm","clk":"7629222044","pt":1539307549944,"mc":[{"id":"1.149414951","rc":[{"ltp":3.35,"id":4423910}]}]}
{"op":"mcm","clk":"7629547042","pt":1539314577052,"mc":[{"id":"1.149414951","rc":[{"ltp":3.4,"id":4423910}]}]}
{"op":"mcm","clk":"7629668289","pt":1539317340185,"mc":[{"id":"1.149414951","rc":[{"ltp":1.41,"id":7446579}]}]}
{"op":"mcm","clk":"7629787009","pt":1539319902052,"mc":[{"id":"1.149414951","rc":[{"ltp":1.42,"id":7446579}]}]}
{"op":"mcm","clk":"7629800750","pt":1539320010943,"mc":[{"id":"1.149414951","rc":[{"ltp":1.41,"id":7446579}]}]}
{"op":"mcm","clk":"7629827125","pt":1539320699312,"mc":[{"id":"1.149414951","rc":[{"ltp":1.4,"id":7446579}]}]}
{"op":"mcm","clk":"7629854404","pt":1539321137293,"mc":[{"id":"1.149414951","rc":[{"ltp":3.35,"id":4423910}]}]}
{"op":"mcm","clk":"7629860902","pt":1539321319537,"mc":[{"id":"1.149414951","rc":[{"ltp":1.42,"id":7446579}]}]}
{"op":"mcm","clk":"7629866859","pt":1539321539621,"mc":[{"id":"1.149414951","rc":[{"ltp":3.4,"id":4423910}]}]}
{"op":"mcm","clk":"7629872338","pt":1539321717466,"mc":[{"id":"1.149414951","rc":[{"ltp":1.4,"id":7446579}]}]}
{"op":"mcm","clk":"7629894651","pt":1539322085192,"mc":[{"id":"1.149414951","rc":[{"ltp":1.41,"id":7446579}]}]}
{"op":"mcm","clk":"7629899309","pt":1539322226812,"mc":[{"id":"1.149414951","rc":[{"ltp":1.42,"id":7446579}]}]}
{"op":"mcm","clk":"7629942837","pt":1539323006802,"mc":[{"id":"1.149414951","rc":[{"ltp":3.35,"id":4423910}]}]}
{"op":"mcm","clk":"7629990859","pt":1539324146661,"mc":[{"id":"1.149414951","rc":[{"ltp":1.43,"id":7446579}]}]}
{"op":"mcm","clk":"7630000135","pt":1539324408571,"mc":[{"id":"1.149414951","rc":[{"ltp":1.42,"id":7446579}]}]}
{"op":"mcm","clk":"7630057753","pt":1539325333553,"mc":[{"id":"1.149414951","rc":[{"ltp":3.3,"id":4423910}]}]}
{"op":"mcm","clk":"7630066812","pt":1539325523252,"mc":[{"id":"1.149414951","rc":[{"ltp":1.43,"id":7446579}]}]}
{"op":"mcm","clk":"7630071855","pt":1539325632519,"mc":[{"id":"1.149414951","rc":[{"ltp":3.35,"id":4423910},{"ltp":1.42,"id":7446579}]}]}
{"op":"mcm","clk":"7630081383","pt":1539325824559,"mc":[{"id":"1.149414951","rc":[{"ltp":1.43,"id":7446579}]}]}
{"op":"mcm","clk":"7630088277","pt":1539325944856,"mc":[{"id":"1.149414951","rc":[{"ltp":1.42,"id":7446579}]}]}
{"op":"mcm","clk":"7630097657","pt":1539326121744,"mc":[{"id":"1.149414951","rc":[{"ltp":1.43,"id":7446579}]}]}
{"op":"mcm","clk":"7630112482","pt":1539326234304,"mc":[{"id":"1.149414951","rc":[{"ltp":1.42,"id":7446579}]}]}
{"op":"mcm","clk":"7630243291","pt":1539328150327,"mc":[{"id":"1.149414951","rc":[{"ltp":1.43,"id":7446579}]}]}
{"op":"mcm","clk":"7630266026","pt":1539328542585,"mc":[{"id":"1.149414951","rc":[{"ltp":3.4,"id":4423910}]}]}
{"op":"mcm","clk":"7630287260","pt":1539328888150,"mc":[{"id":"1.149414951","rc":[{"ltp":1.42,"id":7446579}]}]}
{"op":"mcm","clk":"7630288382","pt":1539328909687,"mc":[{"id":"1.149414951","rc":[{"ltp":1.43,"id":7446579}]}]}
{"op":"mcm","clk":"7630331569","pt":1539329523101,"mc":[{"id":"1.149414951","rc":[{"ltp":3.35,"id":4423910}]}]}
{"op":"mcm","clk":"7630337097","pt":1539329643999,"mc":[{"id":"1.149414951","rc":[{"ltp":1.42,"id":7446579}]}]}
{"op":"mcm","clk":"7630340649","pt":1539329718957,"mc":[{"id":"1.149414951","rc":[{"ltp":3.4,"id":4423910}]}]}
{"op":"mcm","clk":"7630374472","pt":1539330147282,"mc":[{"id":"1.149414951","rc":[{"ltp":3.35,"id":4423910}]}]}
{"op":"mcm","clk":"7630377673","pt":1539330201059,"mc":[{"id":"1.149414951","rc":[{"ltp":3.3,"id":4423910},{"ltp":1.43,"id":7446579}]}]}
{"op":"mcm","clk":"7630427055","pt":1539331042273,"mc":[{"id":"1.149414951","rc":[{"ltp":1.42,"id":7446579}]}]}
{"op":"mcm","clk":"7630433802","pt":1539331211373,"mc":[{"id":"1.149414951","rc":[{"ltp":1.43,"id":7446579}]}]}
{"op":"mcm","clk":"7630439232","pt":1539331330122,"mc":[{"id":"1.149414951","rc":[{"ltp":1.44,"id":7446579}]}]}
{"op":"mcm","clk":"7630442703","pt":1539331404961,"mc":[{"id":"1.149414951","rc":[{"ltp":1.43,"id":7446579}]}]}
{"op":"mcm","clk":"7630451444","pt":1539331578955,"mc":[{"id":"1.149414951","rc":[{"ltp":3.25,"id":4423910}]}]}
{"op":"mcm","clk":"7630466235","pt":1539331662430,"mc":[{"id":"1.149414951","rc":[{"ltp":3.3,"id":4423910}]}]}
{"op":"mcm","clk":"7630481376","pt":1539331886808,"mc":[{"id":"1.149414951","rc":[{"ltp":1.44,"id":7446579}]}]}
{"op":"mcm","clk":"7630483771","pt":1539331923993,"mc":[{"id":"1.149414951","rc":[{"ltp":1.43,"id":7446579}]}]}
{"op":"mcm","clk":"7630488698","pt":1539332005703,"mc":[{"id":"1.149414951","rc":[{"ltp":1.44,"id":7446579}]}]}
{"op":"mcm","clk":"7630504452","pt":1539332247963,"mc":[{"id":"1.149414951","rc":[{"ltp":1.43,"id":7446579}]}]}
{"op":"mcm","clk":"7630520825","pt":1539332510248,"mc":[{"id":"1.149414951","rc":[{"ltp":1.44,"id":7446579}]}]}
{"op":"mcm","clk":"7630537838","pt":1539332667541,"mc":[{"id":"1.149414951","rc":[{"ltp":1.43,"id":7446579}]}]}
{"op":"mcm","clk":"7630540565","pt":1539332726116,"mc":[{"id":"1.149414951","rc":[{"ltp":1.44,"id":7446579}]}]}
{"op":"mcm","clk":"7630543160","pt":1539332782813,"mc":[{"id":"1.149414951","rc":[{"ltp":3.25,"id":4423910}]}]}
{"op":"mcm","clk":"7630545516","pt":1539332834233,"mc":[{"id":"1.149414951","rc":[{"ltp":1.43,"id":7446579}]}]}
{"op":"mcm","clk":"7630551862","pt":1539332967354,"mc":[{"id":"1.149414951","rc":[{"ltp":1.44,"id":7446579}]}]}
{"op":"mcm","clk":"7630558603","pt":1539333085733,"mc":[{"id":"1.149414951","rc":[{"ltp":3.3,"id":4423910},{"ltp":1.43,"id":7446579}]}]}
{"op":"mcm","clk":"7630562046","pt":1539333147127,"mc":[{"id":"1.149414951","rc":[{"ltp":1.44,"id":7446579}]}]}
{"op":"mcm","clk":"7630565873","pt":1539333207366,"mc":[{"id":"1.149414951","rc":[{"ltp":1.43,"id":7446579}]}]}
{"op":"mcm","clk":"7630569151","pt":1539333265727,"mc":[{"id":"1.149414951","rc":[{"ltp":1.44,"id":7446579}]}]}
{"op":"mcm","clk":"7630572453","pt":1539333323156,"mc":[{"id":"1.149414951","rc":[{"ltp":1.43,"id":7446579}]}]}
{"op":"mcm","clk":"7630590330","pt":1539333446825,"mc":[{"id":"1.149414951","rc":[{"ltp":3.35,"id":4423910}]}]}
{"op":"mcm","clk":"7630598302","pt":1539333562050,"mc":[{"id":"1.149414951","rc":[{"ltp":1.42,"id":7446579}]}]}
{"op":"mcm","clk":"7630602458","pt":1539333628162,"mc":[{"id":"1.149414951","rc":[{"ltp":1.43,"id":7446579}]}]}
{"op":"mcm","clk":"7630605944","pt":1539333688208,"mc":[{"id":"1.149414951","rc":[{"ltp":1.42,"id":7446579}]}]}
{"op":"mcm","clk":"7630614526","pt":1539333808044,"mc":[{"id":"1.149414951","rc":[{"ltp":3.3,"id":4423910}]}]}
{"op":"mcm","clk":"7630618216","pt":1539333862949,"mc":[{"id":"1.149414951","rc":[{"ltp":1.43,"id":7446579}]}]}
{"op":"mcm","clk":"7630621358","pt":1539333915029,"mc":[{"id":"1.149414951","rc":[{"ltp":3.35,"id":4423910}]}]}
{"op":"mcm","clk":"7630629301","pt":1539334044870,"mc":[{"id":"1.149414951","rc":[{"ltp":1.42,"id":7446579}]}]}
{"op":"mcm","clk":"7630632382","pt":1539334097117,"mc":[{"id":"1.149414951","rc":[{"ltp":1.43,"id":7446579}]}]}
{"op":"mcm","clk":"7630638701","pt":1539334207705,"mc":[{"id":"1.149414951","rc":[{"ltp":1.42,"id":7446579}]}]}
{"op":"mcm","clk":"7630667531","pt":1539334518418,"mc":[{"id":"1.149414951","rc":[{"ltp":1.44,"id":7446579}]}]}
{"op":"mcm","clk":"7630672014","pt":1539334585039,"mc":[{"id":"1.149414951","rc":[{"ltp":3.3,"id":4423910}]}]}
{"op":"mcm","clk":"7630675676","pt":1539334640734,"mc":[{"id":"1.149414951","rc":[{"ltp":1.43,"id":7446579}]}]}
{"op":"mcm","clk":"7630679361","pt":1539334703394,"mc":[{"id":"1.149414951","rc":[{"ltp":3.35,"id":4423910}]}]}
{"op":"mcm","clk":"7630687395","pt":1539334816569,"mc":[{"id":"1.149414951","rc":[{"ltp":1.44,"id":7446579}]}]}
{"op":"mcm","clk":"7630691855","pt":1539334882492,"mc":[{"id":"1.149414951","rc":[{"ltp":1.43,"id":7446579}]}]}
{"op":"mcm","clk":"7630706288","pt":1539335067711,"mc":[{"id":"1.149414951","rc":[{"ltp":3.2,"id":4423910},{"ltp":1.46,"id":7446579}]}]}
{"op":"mcm","clk":"7630711402","pt":1539335128173,"mc":[{"id":"1.149414951","rc":[{"ltp":1.45,"id":7446579}]}]}
{"op":"mcm","clk":"7630716121","pt":1539335186935,"mc":[{"id":"1.149414951","rc":[{"ltp":1.46,"id":7446579}]}]}
{"op":"mcm","clk":"7630736765","pt":1539335308028,"mc":[{"id":"1.149414951","rc":[{"ltp":1.45,"id":7446579}]}]}
{"op":"mcm","clk":"7630747247","pt":1539335425611,"mc":[{"id":"1.149414951","rc":[{"ltp":3.25,"id":4423910},{"ltp":1.43,"id":7446579}]}]}
{"op":"mcm","clk":"7630752509","pt":1539335484987,"mc":[{"id":"1.149414951","rc":[{"ltp":3.3,"id":4423910}]}]}
{"op":"mcm","clk":"7630761916","pt":1539335603430,"mc":[{"id":"1.149414951","rc":[{"ltp":1.42,"id":7446579}]}]}
{"op":"mcm","clk":"7630766337","pt":1539335659681,"mc":[{"id":"1.149414951","rc":[{"ltp":1.43,"id":7446579}]}]}
{"op":"mcm","clk":"7630772575","pt":1539335728167,"mc":[{"id":"1.149414951","rc":[{"ltp":1.42,"id":7446579}]}]}
{"op":"mcm","clk":"7630777822","pt":1539335786686,"mc":[{"id":"1.149414951","rc":[{"ltp":1.43,"id":7446579}]}]}
{"op":"mcm","clk":"7630801452","pt":1539336031455,"mc":[{"id":"1.149414951","rc":[{"ltp":1.42,"id":7446579}]}]}
{"op":"mcm","clk":"7630807383","pt":1539336099101,"mc":[{"id":"1.149414951","rc":[{"ltp":3.35,"id":4423910},{"ltp":1.43,"id":7446579}]}]}
{"op":"mcm","clk":"7630826156","pt":1539336208112,"mc":[{"id":"1.149414951","rc":[{"ltp":3.3,"id":4423910}]}]}
{"op":"mcm","clk":"7630844513","pt":1539336447932,"mc":[{"id":"1.149414951","rc":[{"ltp":1.42,"id":7446579}]}]}
{"op":"mcm","clk":"7630849473","pt":1539336508100,"mc":[{"id":"1.149414951","rc":[{"ltp":1.43,"id":7446579}]}]}
{"op":"mcm","clk":"7630852805","pt":1539336549465,"mc":[{"id":"1.149414951","rc":[{"ltp":1.42,"id":7446579}]}]}
{"op":"mcm","clk":"7630858839","pt":1539336627953,"mc":[{"id":"1.149414951","rc":[{"ltp":1.43,"id":7446579}]}]}
{"op":"mcm","clk":"7630863356","pt":1539336683276,"mc":[{"id":"1.149414951","rc":[{"ltp":3.35,"id":4423910}]}]}
{"op":"mcm","clk":"7630869327","pt":1539336746834,"mc":[{"id":"1.149414951","rc":[{"ltp":1.42,"id":7446579}]}]}
{"op":"mcm","clk":"7630887345","pt":1539336916448,"mc":[{"id":"1.149414951","rc":[{"ltp":3.4,"id":4423910},{"ltp":1.41,"id":7446579}]}]}
{"op":"mcm","clk":"7630893898","pt":1539336977602,"mc":[{"id":"1.149414951","rc":[{"ltp":3.35,"id":4423910}]}]}
{"op":"mcm","clk":"7630936351","pt":1539337288079,"mc":[{"id":"1.149414951","rc":[{"ltp":3.4,"id":4423910},{"ltp":1.42,"id":7446579}]}]}
{"op":"mcm","clk":"7630941838","pt":1539337344661,"mc":[{"id":"1.149414951","rc":[{"ltp":3.35,"id":4423910}]}]}
{"op":"mcm","clk":"7630953802","pt":1539337467997,"mc":[{"id":"1.149414951","rc":[{"ltp":1.41,"id":7446579}]}]}
{"op":"mcm","clk":"7630959721","pt":1539337527915,"mc":[{"id":"1.149414951","rc":[{"ltp":3.3,"id":4423910},{"ltp":1.43,"id":7446579}]}]}
{"op":"mcm","clk":"7630964360","pt":1539337575064,"mc":[{"id":"1.149414951","rc":[{"ltp":1.44,"id":7446579}]}]}
{"op":"mcm","clk":"7630971654","pt":1539337644469,"mc":[{"id":"1.149414951","rc":[{"ltp":3.25,"id":4423910}]}]}
{"op":"mcm","clk":"7630978104","pt":1539337708102,"mc":[{"id":"1.149414951","rc":[{"ltp":3.35,"id":4423910},{"ltp":1.43,"id":7446579}]}]}
{"op":"mcm","clk":"7630983996","pt":1539337768150,"mc":[{"id":"1.149414951","rc":[{"ltp":3.3,"id":4423910}]}]}
{"op":"mcm","clk":"7630990341","pt":1539337827995,"mc":[{"id":"1.149414951","marketDefinition":{"bspMarket":false,"turnInPlayEnabled":true,"persistenceEnabled":true,"marketBaseRate":5.0,"eventId":"28950928","eventTypeId":"2","numberOfWinners":1,"bettingType":"ODDS","marketType":"MATCH_ODDS","marketTime":"2018-10-12T09:49:00.000Z","suspendTime":"2018-10-12T09:49:00.000Z","bspReconciled":false,"complete":true,"inPlay":false,"crossMatching":true,"runnersVoidable":false,"numberOfActiveRunners":2,"betDelay":0,"status":"OPEN","runners":[{"status":"ACTIVE","sortPriority":1,"id":7446579,"name":"Borna Coric"},{"status":"ACTIVE","sortPriority":2,"id":4423910,"name":"Matthew Ebden"}],"regulators":["MR_INT"],"countryCode":"CN","discountAllowed":true,"timezone":"UTC","openDate":"2018-10-12T09:49:00.000Z","version":2450548260,"name":"Match Odds","eventName":"Coric v Ebden"},"rc":[{"ltp":3.25,"id":4423910},{"ltp":1.44,"id":7446579}]}]}
{"op":"mcm","clk":"7630994530","pt":1539337873298,"mc":[{"id":"1.149414951","rc":[{"ltp":1.45,"id":7446579}]}]}
{"op":"mcm","clk":"7631016845","pt":1539338007853,"mc":[{"id":"1.149414951","rc":[{"ltp":1.46,"id":7446579}]}]}
{"op":"mcm","clk":"7631021643","pt":1539338063201,"mc":[{"id":"1.149414951","rc":[{"ltp":1.45,"id":7446579}]}]}
{"op":"mcm","clk":"7631027410","pt":1539338128140,"mc":[{"id":"1.149414951","rc":[{"ltp":1.44,"id":7446579}]}]}
{"op":"mcm","clk":"7631049118","pt":1539338368161,"mc":[{"id":"1.149414951","rc":[{"ltp":3.3,"id":4423910}]}]}
{"op":"mcm","clk":"7631054382","pt":1539338426043,"mc":[{"id":"1.149414951","rc":[{"ltp":3.25,"id":4423910}]}]}
{"op":"mcm","clk":"7631061343","pt":1539338488124,"mc":[{"id":"1.149414951","rc":[{"ltp":3.3,"id":4423910}]}]}
{"op":"mcm","clk":"7631067092","pt":1539338546016,"mc":[{"id":"1.149414951","rc":[{"ltp":1.43,"id":7446579}]}]}
{"op":"mcm","clk":"7631073639","pt":1539338606946,"mc":[{"id":"1.149414951","rc":[{"ltp":3.25,"id":4423910},{"ltp":1.44,"id":7446579}]}]}
{"op":"mcm","clk":"7631079936","pt":1539338667878,"mc":[{"id":"1.149414951","rc":[{"ltp":3.3,"id":4423910}]}]}
{"op":"mcm","clk":"7631092429","pt":1539338785996,"mc":[{"id":"1.149414951","rc":[{"ltp":3.25,"id":4423910}]}]}
{"op":"mcm","clk":"7631127632","pt":1539339021147,"mc":[{"id":"1.149414951","rc":[{"ltp":1.45,"id":7446579}]}]}
{"op":"mcm","clk":"7631137932","pt":1539339088079,"mc":[{"id":"1.149414951","marketDefinition":{"bspMarket":false,"turnInPlayEnabled":true,"persistenceEnabled":true,"marketBaseRate":5.0,"eventId":"28950928","eventTypeId":"2","numberOfWinners":1,"bettingType":"ODDS","marketType":"MATCH_ODDS","marketTime":"2018-10-12T09:49:00.000Z","suspendTime":"2018-10-12T09:49:00.000Z","bspReconciled":false,"complete":true,"inPlay":true,"crossMatching":true,"runnersVoidable":false,"numberOfActiveRunners":2,"betDelay":5,"status":"OPEN","runners":[{"status":"ACTIVE","sortPriority":1,"id":7446579,"name":"Borna Coric"},{"status":"ACTIVE","sortPriority":2,"id":4423910,"name":"Matthew Ebden"}],"regulators":["MR_INT"],"countryCode":"CN","discountAllowed":true,"timezone":"UTC","openDate":"2018-10-12T09:49:00.000Z","version":2450580030,"name":"Match Odds","eventName":"Coric v Ebden"},"rc":[{"ltp":3.3,"id":4423910},{"ltp":1.44,"id":7446579}]}]}
{"op":"mcm","clk":"7631145513","pt":1539339148145,"mc":[{"id":"1.149414951","rc":[{"ltp":3.35,"id":4423910},{"ltp":1.45,"id":7446579}]}]}
{"op":"mcm","clk":"7631152567","pt":1539339208157,"mc":[{"id":"1.149414951","rc":[{"ltp":2.96,"id":4423910},{"ltp":1.51,"id":7446579}]}]}
{"op":"mcm","clk":"7631159670","pt":1539339267867,"mc":[{"id":"1.149414951","rc":[{"ltp":2.98,"id":4423910},{"ltp":1.52,"id":7446579}]}]}
{"op":"mcm","clk":"7631166918","pt":1539339327971,"mc":[{"id":"1.149414951","rc":[{"ltp":3.0,"id":4423910},{"ltp":1.49,"id":7446579}]}]}
{"op":"mcm","clk":"7631174077","pt":1539339387915,"mc":[{"id":"1.149414951","rc":[{"ltp":2.4,"id":4423910},{"ltp":1.71,"id":7446579}]}]}
{"op":"mcm","clk":"7631181543","pt":1539339448139,"mc":[{"id":"1.149414951","rc":[{"ltp":2.08,"id":4423910},{"ltp":1.87,"id":7446579}]}]}
{"op":"mcm","clk":"7631189123","pt":1539339508166,"mc":[{"id":"1.149414951","rc":[{"ltp":2.4,"id":4423910},{"ltp":1.7,"id":7446579}]}]}
{"op":"mcm","clk":"7631196489","pt":1539339568060,"mc":[{"id":"1.149414951","rc":[{"ltp":2.52,"id":4423910},{"ltp":1.64,"id":7446579}]}]}
{"op":"mcm","clk":"7631202919","pt":1539339627965,"mc":[{"id":"1.149414951","rc":[{"ltp":2.94,"id":4423910},{"ltp":1.52,"id":7446579}]}]}
{"op":"mcm","clk":"7631210068","pt":1539339688032,"mc":[{"id":"1.149414951","rc":[{"ltp":1.51,"id":7446579}]}]}
{"op":"mcm","clk":"7631226540","pt":1539339747772,"mc":[{"id":"1.149414951","rc":[{"ltp":3.15,"id":4423910},{"ltp":1.46,"id":7446579}]}]}
{"op":"mcm","clk":"7631232574","pt":1539339808171,"mc":[{"id":"1.149414951","rc":[{"ltp":3.35,"id":4423910},{"ltp":1.44,"id":7446579}]}]}
{"op":"mcm","clk":"7631238779","pt":1539339868182,"mc":[{"id":"1.149414951","rc":[{"ltp":3.2,"id":4423910},{"ltp":1.45,"id":7446579}]}]}
{"op":"mcm","clk":"7631245258","pt":1539339928206,"mc":[{"id":"1.149414951","rc":[{"ltp":1.44,"id":7446579}]}]}
{"op":"mcm","clk":"7631251682","pt":1539339987984,"mc":[{"id":"1.149414951","rc":[{"ltp":3.0,"id":4423910},{"ltp":1.52,"id":7446579}]}]}
{"op":"mcm","clk":"7631257788","pt":1539340048132,"mc":[{"id":"1.149414951","rc":[{"ltp":2.96,"id":4423910},{"ltp":1.51,"id":7446579}]}]}
{"op":"mcm","clk":"7631263922","pt":1539340107740,"mc":[{"id":"1.149414951","rc":[{"ltp":2.68,"id":4423910},{"ltp":1.59,"id":7446579}]}]}
{"op":"mcm","clk":"7631269620","pt":1539340168152,"mc":[{"id":"1.149414951","rc":[{"ltp":3.05,"id":4423910},{"ltp":1.49,"id":7446579}]}]}
{"op":"mcm","clk":"7631275405","pt":1539340228193,"mc":[{"id":"1.149414951","rc":[{"ltp":3.3,"id":4423910},{"ltp":1.43,"id":7446579}]}]}
{"op":"mcm","clk":"7631281601","pt":1539340288150,"mc":[{"id":"1.149414951","rc":[{"ltp":3.85,"id":4423910},{"ltp":1.35,"id":7446579}]}]}
{"op":"mcm","clk":"7631287509","pt":1539340348032,"mc":[{"id":"1.149414951","rc":[{"ltp":3.55,"id":4423910},{"ltp":1.39,"id":7446579}]}]}
{"op":"mcm","clk":"7631293637","pt":1539340408188,"mc":[{"id":"1.149414951","rc":[{"ltp":4.4,"id":4423910},{"ltp":1.27,"id":7446579}]}]}
{"op":"mcm","clk":"7631299874","pt":1539340468110,"mc":[{"id":"1.149414951","rc":[{"ltp":3.0,"id":4423910},{"ltp":1.5,"id":7446579}]}]}
{"op":"mcm","clk":"7631305981","pt":1539340527897,"mc":[{"id":"1.149414951","rc":[{"ltp":3.05,"id":4423910},{"ltp":1.48,"id":7446579}]}]}
{"op":"mcm","clk":"7631312143","pt":1539340588048,"mc":[{"id":"1.149414951","rc":[{"ltp":1.45,"id":7446579}]}]}
{"op":"mcm","clk":"7631328441","pt":1539340647802,"mc":[{"id":"1.149414951","rc":[{"ltp":3.25,"id":4423910},{"ltp":1.44,"id":7446579}]}]}
{"op":"mcm","clk":"7631334016","pt":1539340708020,"mc":[{"id":"1.149414951","rc":[{"ltp":3.3,"id":4423910},{"ltp":1.41,"id":7446579}]}]}
{"op":"mcm","clk":"7631340042","pt":1539340768172,"mc":[{"id":"1.149414951","rc":[{"ltp":3.4,"id":4423910}]}]}
{"op":"mcm","clk":"7631346579","pt":1539340828045,"mc":[{"id":"1.149414951","rc":[{"ltp":3.0,"id":4423910},{"ltp":1.5,"id":7446579}]}]}
{"op":"mcm","clk":"7631352702","pt":1539340888105,"mc":[{"id":"1.149414951","rc":[{"ltp":3.15,"id":4423910},{"ltp":1.47,"id":7446579}]}]}
{"op":"mcm","clk":"7631358047","pt":1539340948161,"mc":[{"id":"1.149414951","rc":[{"ltp":2.9,"id":4423910},{"ltp":1.54,"id":7446579}]}]}
{"op":"mcm","clk":"7631363098","pt":1539341008043,"mc":[{"id":"1.149414951","rc":[{"ltp":2.78,"id":4423910},{"ltp":1.56,"id":7446579}]}]}
{"op":"mcm","clk":"7631368303","pt":1539341067664,"mc":[{"id":"1.149414951","rc":[{"ltp":2.82,"id":4423910}]}]}
{"op":"mcm","clk":"7631373079","pt":1539341127654,"mc":[{"id":"1.149414951","rc":[{"ltp":3.0,"id":4423910},{"ltp":1.5,"id":7446579}]}]}
{"op":"mcm","clk":"7631377978","pt":1539341187935,"mc":[{"id":"1.149414951","rc":[{"ltp":3.2,"id":4423910},{"ltp":1.47,"id":7446579}]}]}
{"op":"mcm","clk":"7631382913","pt":1539341248201,"mc":[{"id":"1.149414951","rc":[{"ltp":2.92,"id":4423910},{"ltp":1.58,"id":7446579}]}]}
{"op":"mcm","clk":"7631387875","pt":1539341308110,"mc":[{"id":"1.149414951","rc":[{"ltp":2.88,"id":4423910},{"ltp":1.53,"id":7446579}]}]}
{"op":"mcm","clk":"7631393101","pt":1539341367829,"mc":[{"id":"1.149414951","rc":[{"ltp":3.1,"id":4423910},{"ltp":1.47,"id":7446579}]}]}
{"op":"mcm","clk":"7631404279","pt":1539341488151,"mc":[{"id":"1.149414951","rc":[{"ltp":3.25,"id":4423910},{"ltp":1.44,"id":7446579}]}]}
{"op":"mcm","clk":"7631419622","pt":1539341548085,"mc":[{"id":"1.149414951","rc":[{"ltp":6.4,"id":4423910},{"ltp":1.19,"id":7446579}]}]}
{"op":"mcm","clk":"7631424727","pt":1539341608217,"mc":[{"id":"1.149414951","rc":[{"ltp":6.8,"id":4423910},{"ltp":1.18,"id":7446579}]}]}
{"op":"mcm","clk":"7631436038","pt":1539341727941,"mc":[{"id":"1.149414951","rc":[{"ltp":8.0,"id":4423910},{"ltp":1.14,"id":7446579}]}]}
{"op":"mcm","clk":"7631441710","pt":1539341788121,"mc":[{"id":"1.149414951","rc":[{"ltp":7.8,"id":4423910}]}]}
{"op":"mcm","clk":"7631447150","pt":1539341848019,"mc":[{"id":"1.149414951","rc":[{"ltp":8.2,"id":4423910}]}]}
{"op":"mcm","clk":"7631451934","pt":1539341907846,"mc":[{"id":"1.149414951","rc":[{"ltp":8.0,"id":4423910}]}]}
{"op":"mcm","clk":"7631456322","pt":1539341967818,"mc":[{"id":"1.149414951","rc":[{"ltp":1.15,"id":7446579}]}]}
{"op":"mcm","clk":"7631460699","pt":1539342027764,"mc":[{"id":"1.149414951","rc":[{"ltp":7.8,"id":4423910}]}]}
{"op":"mcm","clk":"7631465421","pt":1539342087987,"mc":[{"id":"1.149414951","rc":[{"ltp":7.6,"id":4423910},{"ltp":1.14,"id":7446579}]}]}
{"op":"mcm","clk":"7631470902","pt":1539342148161,"mc":[{"id":"1.149414951","rc":[{"ltp":6.6,"id":4423910},{"ltp":1.18,"id":7446579}]}]}
{"op":"mcm","clk":"7631475643","pt":1539342208207,"mc":[{"id":"1.149414951","rc":[{"ltp":6.4,"id":4423910},{"ltp":1.17,"id":7446579}]}]}
{"op":"mcm","clk":"7631480501","pt":1539342267857,"mc":[{"id":"1.149414951","rc":[{"ltp":8.0,"id":4423910},{"ltp":1.15,"id":7446579}]}]}
{"op":"mcm","clk":"7631485780","pt":1539342328094,"mc":[{"id":"1.149414951","rc":[{"ltp":7.2,"id":4423910}]}]}
{"op":"mcm","clk":"7631490978","pt":1539342387842,"mc":[{"id":"1.149414951","rc":[{"ltp":8.6,"id":4423910},{"ltp":1.13,"id":7446579}]}]}
{"op":"mcm","clk":"7631505952","pt":1539342448168,"mc":[{"id":"1.149414951","rc":[{"ltp":9.2,"id":4423910},{"ltp":1.12,"id":7446579}]}]}
{"op":"mcm","clk":"7631511287","pt":1539342507801,"mc":[{"id":"1.149414951","rc":[{"ltp":13.5,"id":4423910},{"ltp":1.07,"id":7446579}]}]}
{"op":"mcm","clk":"7631516599","pt":1539342568205,"mc":[{"id":"1.149414951","rc":[{"ltp":26.0,"id":4423910},{"ltp":1.04,"id":7446579}]}]}
{"op":"mcm","clk":"7631522161","pt":1539342628148,"mc":[{"id":"1.149414951","rc":[{"ltp":27.0,"id":4423910}]}]}
{"op":"mcm","clk":"7631528100","pt":1539342688069,"mc":[{"id":"1.149414951","rc":[{"ltp":34.0,"id":4423910},{"ltp":1.03,"id":7446579}]}]}
{"op":"mcm","clk":"7631534598","pt":1539342747435,"mc":[{"id":"1.149414951","rc":[{"ltp":26.0,"id":4423910},{"ltp":1.04,"id":7446579}]}]}
{"op":"mcm","clk":"7631540822","pt":1539342807483,"mc":[{"id":"1.149414951","rc":[{"ltp":38.0,"id":4423910},{"ltp":1.03,"id":7446579}]}]}
{"op":"mcm","clk":"7631546773","pt":1539342867900,"mc":[{"id":"1.149414951","rc":[{"ltp":34.0,"id":4423910},{"ltp":1.02,"id":7446579}]}]}
{"op":"mcm","clk":"7631553286","pt":1539342927957,"mc":[{"id":"1.149414951","rc":[{"ltp":40.0,"id":4423910},{"ltp":1.01,"id":7446579}]}]}
{"op":"mcm","clk":"7631559733","pt":1539342988018,"mc":[{"id":"1.149414951","rc":[{"ltp":50.0,"id":4423910},{"ltp":1.02,"id":7446579}]}]}
{"op":"mcm","clk":"7631566036","pt":1539343047695,"mc":[{"id":"1.149414951","rc":[{"ltp":42.0,"id":4423910},{"ltp":1.03,"id":7446579}]}]}
{"op":"mcm","clk":"7631573056","pt":1539343107979,"mc":[{"id":"1.149414951","rc":[{"ltp":28.0,"id":4423910}]}]}
{"op":"mcm","clk":"7631579393","pt":1539343167036,"mc":[{"id":"1.149414951","rc":[{"ltp":40.0,"id":4423910}]}]}
{"op":"mcm","clk":"7631586006","pt":1539343227591,"mc":[{"id":"1.149414951","rc":[{"ltp":42.0,"id":4423910},{"ltp":1.01,"id":7446579}]}]}
{"op":"mcm","clk":"7631592998","pt":1539343288216,"mc":[{"id":"1.149414951","rc":[{"ltp":160.0,"id":4423910}]}]}
{"op":"mcm","clk":"7631614837","pt":1539343407333,"mc":[{"id":"1.149414951","rc":[{"ltp":100.0,"id":4423910}]}]}
{"op":"mcm","clk":"7631620554","pt":1539343467108,"mc":[{"id":"1.149414951","rc":[{"ltp":110.0,"id":4423910}]}]}
{"op":"mcm","clk":"7631626240","pt":1539343527689,"mc":[{"id":"1.149414951","rc":[{"ltp":55.0,"id":4423910},{"ltp":1.02,"id":7446579}]}]}
{"op":"mcm","clk":"7631632114","pt":1539343586272,"mc":[{"id":"1.149414951","rc":[{"ltp":34.0,"id":4423910}]}]}
{"op":"mcm","clk":"7631638221","pt":1539343647385,"mc":[{"id":"1.149414951","rc":[{"ltp":1.03,"id":7446579}]}]}
{"op":"mcm","clk":"7631645003","pt":1539343707980,"mc":[{"id":"1.149414951","rc":[{"ltp":55.0,"id":4423910}]}]}
{"op":"mcm","clk":"7631651485","pt":1539343767990,"mc":[{"id":"1.149414951","rc":[{"ltp":27.0,"id":4423910}]}]}
{"op":"mcm","clk":"7631657821","pt":1539343828107,"mc":[{"id":"1.149414951","rc":[{"ltp":30.0,"id":4423910},{"ltp":1.04,"id":7446579}]}]}
{"op":"mcm","clk":"7631663956","pt":1539343887631,"mc":[{"id":"1.149414951","rc":[{"ltp":26.0,"id":4423910},{"ltp":1.03,"id":7446579}]}]}
{"op":"mcm","clk":"7631670306","pt":1539343948105,"mc":[{"id":"1.149414951","rc":[{"ltp":18.0,"id":4423910},{"ltp":1.06,"id":7446579}]}]}
{"op":"mcm","clk":"7631676506","pt":1539344008048,"mc":[{"id":"1.149414951","rc":[{"ltp":17.5,"id":4423910},{"ltp":1.05,"id":7446579}]}]}
{"op":"mcm","clk":"7631682865","pt":1539344067886,"mc":[{"id":"1.149414951","rc":[{"ltp":11.0,"id":4423910},{"ltp":1.08,"id":7446579}]}]}
{"op":"mcm","clk":"7631689230","pt":1539344128136,"mc":[{"id":"1.149414951","rc":[{"ltp":18.0,"id":4423910},{"ltp":1.06,"id":7446579}]}]}
{"op":"mcm","clk":"7631694855","pt":1539344187134,"mc":[{"id":"1.149414951","rc":[{"ltp":21.0,"id":4423910},{"ltp":1.04,"id":7446579}]}]}
{"op":"mcm","clk":"7631710393","pt":1539344247592,"mc":[{"id":"1.149414951","rc":[{"ltp":36.0,"id":4423910},{"ltp":1.03,"id":7446579}]}]}
{"op":"mcm","clk":"7631715873","pt":1539344306890,"mc":[{"id":"1.149414951","rc":[{"ltp":34.0,"id":4423910}]}]}
{"op":"mcm","clk":"7631721475","pt":1539344368137,"mc":[{"id":"1.149414951","rc":[{"ltp":26.0,"id":4423910},{"ltp":1.04,"id":7446579}]}]}
{"op":"mcm","clk":"7631731529","pt":1539344488047,"mc":[{"id":"1.149414951","rc":[{"ltp":34.0,"id":4423910},{"ltp":1.03,"id":7446579}]}]}
{"op":"mcm","clk":"7631737666","pt":1539344548142,"mc":[{"id":"1.149414951","rc":[{"ltp":11.0,"id":4423910},{"ltp":1.1,"id":7446579}]}]}
{"op":"mcm","clk":"7631743679","pt":1539344608122,"mc":[{"id":"1.149414951","rc":[{"ltp":34.0,"id":4423910},{"ltp":1.03,"id":7446579}]}]}
{"op":"mcm","clk":"7631749613","pt":1539344667176,"mc":[{"id":"1.149414951","marketDefinition":{"bspMarket":false,"turnInPlayEnabled":true,"persistenceEnabled":true,"marketBaseRate":5.0,"eventId":"28950928","eventTypeId":"2","numberOfWinners":1,"bettingType":"ODDS","marketType":"MATCH_ODDS","marketTime":"2018-10-12T09:49:00.000Z","suspendTime":"2018-10-12T09:49:00.000Z","bspReconciled":false,"complete":true,"inPlay":true,"crossMatching":true,"runnersVoidable":false,"numberOfActiveRunners":2,"betDelay":5,"status":"SUSPENDED","runners":[{"status":"ACTIVE","sortPriority":1,"id":7446579,"name":"Borna Coric"},{"status":"ACTIVE","sortPriority":2,"id":4423910,"name":"Matthew Ebden"}],"regulators":["MR_INT"],"countryCode":"CN","discountAllowed":true,"timezone":"UTC","openDate":"2018-10-12T09:49:00.000Z","version":2450694899,"name":"Match Odds","eventName":"Coric v Ebden"},"rc":[{"ltp":48.0,"id":4423910},{"ltp":1.01,"id":7446579}]}]}
{"op":"mcm","clk":"7631755460","pt":1539344724482,"mc":[{"id":"1.149414951","marketDefinition":{"bspMarket":false,"turnInPlayEnabled":true,"persistenceEnabled":true,"marketBaseRate":5.0,"eventId":"28950928","eventTypeId":"2","numberOfWinners":1,"bettingType":"ODDS","marketType":"MATCH_ODDS","marketTime":"2018-10-12T09:49:00.000Z","suspendTime":"2018-10-12T09:49:00.000Z","bspReconciled":false,"complete":true,"inPlay":true,"crossMatching":false,"runnersVoidable":false,"numberOfActiveRunners":0,"betDelay":5,"status":"CLOSED","settledTime":"2018-10-12T11:45:01.000Z","runners":[{"status":"WINNER","sortPriority":1,"id":7446579,"name":"Borna Coric"},{"status":"LOSER","sortPriority":2,"id":4423910,"name":"Matthew Ebden"}],"regulators":["MR_INT"],"countryCode":"CN","discountAllowed":true,"timezone":"UTC","openDate":"2018-10-12T09:49:00.000Z","version":2450695759,"name":"Match Odds","eventName":"Coric v Ebden"}}]}
