{"op":"mcm","clk":"7793424639","pt":1540406980820,"mc":[{"id":"1.150144223","marketDefinition":{"bspMarket":false,"turnInPlayEnabled":true,"persistenceEnabled":true,"marketBaseRate":5.0,"eventId":"28974284","eventTypeId":"2","numberOfWinners":1,"bettingType":"ODDS","marketType":"MATCH_ODDS","marketTime":"2018-10-25T15:00:00.000Z","suspendTime":"2018-10-25T15:00:00.000Z","bspReconciled":false,"complete":true,"inPlay":false,"crossMatching":true,"runnersVoidable":false,"numberOfActiveRunners":2,"betDelay":0,"status":"OPEN","runners":[{"status":"ACTIVE","sortPriority":1,"id":10706479,"name":"Alexei Popyrin"},{"status":"ACTIVE","sortPriority":2,"id":19924823,"name":"Alexander Zverev"}],"regulators":["MR_INT"],"countryCode":"CH","discountAllowed":true,"timezone":"UTC","openDate":"2018-10-25T15:00:00.000Z","version":2474046639,"name":"Match Odds","eventName":"Popyrin v A Zverev"}}]}
{"op":"mcm","clk":"7794552371","pt":1540419216181,"mc":[{"id":"1.150144223","rc":[{"ltp":1.11,"id":19924823}]}]}
{"op":"mcm","clk":"7794557971","pt":1540419347441,"mc":[{"id":"1.150144223","rc":[{"ltp":1.15,"id":19924823},{"ltp":7.2,"id":10706479}]}]}
{"op":"mcm","clk":"7794610305","pt":1540420155429,"mc":[{"id":"1.150144223","rc":[{"ltp":1.13,"id":19924823}]}]}
{"op":"mcm","clk":"7794877598","pt":1540424080044,"mc":[{"id":"1.150144223","rc":[{"ltp":1.14,"id":19924823}]}]}
{"op":"mcm","clk":"7795275618","pt":1540430062090,"mc":[{"id":"1.150144223","rc":[{"ltp":1.13,"id":19924823}]}]}
{"op":"mcm","clk":"7795919043","pt":1540442990861,"mc":[{"id":"1.150144223","rc":[{"ltp":8.6,"id":10706479}]}]}
{"op":"mcm","clk":"7796120598","pt":1540446967797,"mc":[{"id":"1.150144223","rc":[{"ltp":1.12,"id":19924823}]}]}
{"op":"mcm","clk":"7796157675","pt":1540447637869,"mc":[{"id":"1.150144223","rc":[{"ltp":1.14,"id":19924823}]}]}
{"op":"mcm","clk":"7796293373","pt":1540450332834,"mc":[{"id":"1.150144223","rc":[{"ltp":1.13,"id":19924823}]}]}
{"op":"mcm","clk":"7796321793","pt":1540450939690,"mc":[{"id":"1.150144223","rc":[{"ltp":8.2,"id":10706479}]}]}
{"op":"mcm","clk":"7796364584","pt":1540451853934,"mc":[{"id":"1.150144223","rc":[{"ltp":1.14,"id":19924823}]}]}
{"op":"mcm","clk":"7796420317","pt":1540452930211,"mc":[{"id":"1.150144223","rc":[{"ltp":1.13,"id":19924823}]}]}
{"op":"mcm","clk":"7796433028","pt":1540453221585,"mc":[{"id":"1.150144223","rc":[{"ltp":1.14,"id":19924823}]}]}
{"op":"mcm","clk":"7796455475","pt":1540453460276,"mc":[{"id":"1.150144223","rc":[{"ltp":8.6,"id":10706479}]}]}
{"op":"mcm","clk":"7796597616","pt":1540456025639,"mc":[{"id":"1.150144223","rc":[{"ltp":1.13,"id":19924823}]}]}
{"op":"mcm","clk":"7796605566","pt":1540456107137,"mc":[{"id":"1.150144223","rc":[{"ltp":8.8,"id":10706479}]}]}
{"op":"mcm","clk":"7796610225","pt":1540456210725,"mc":[{"id":"1.150144223","rc":[{"ltp":9.0,"id":10706479}]}]}
{"op":"mcm","clk":"7796694793","pt":1540457628701,"mc":[{"id":"1.150144223","rc":[{"ltp":1.14,"id":19924823}]}]}
{"op":"mcm","clk":"7796735579","pt":1540458091445,"mc":[{"id":"1.150144223","rc":[{"ltp":8.8,"id":10706479}]}]}
{"op":"mcm","clk":"7796746444","pt":1540458329935,"mc":[{"id":"1.150144223","rc":[{"ltp":1.13,"id":19924823}]}]}
{"op":"mcm","clk":"7796764693","pt":1540458700175,"mc":[{"id":"1.150144223","rc":[{"ltp":1.12,"id":19924823}]}]}
{"op":"mcm","clk":"7796795829","pt":1540459102908,"mc":[{"id":"1.150144223","rc":[{"ltp":9.0,"id":10706479}]}]}
{"op":"mcm","clk":"7796850616","pt":1540459959283,"mc":[{"id":"1.150144223","rc":[{"ltp":1.13,"id":19924823}]}]}
{"op":"mcm","clk":"7796865544","pt":1540460261264,"mc":[{"id":"1.150144223","rc":[{"ltp":1.12,"id":19924823}]}]}
{"op":"mcm","clk":"7796876819","pt":1540460519347,"mc":[{"id":"1.150144223","rc":[{"ltp":9.2,"id":10706479}]}]}
{"op":"mcm","clk":"7796953553","pt":1540461655717,"mc":[{"id":"1.150144223","rc":[{"ltp":1.11,"id":19924823}]}]}
{"op":"mcm","clk":"7796981964","pt":1540462187346,"mc":[{"id":"1.150144223","rc":[{"ltp":9.8,"id":10706479}]}]}
{"op":"mcm","clk":"7797012636","pt":1540462588400,"mc":[{"id":"1.150144223","rc":[{"ltp":1.12,"id":19924823}]}]}
{"op":"mcm","clk":"7797018139","pt":1540462699997,"mc":[{"id":"1.150144223","rc":[{"ltp":1.11,"id":19924823}]}]}
{"op":"mcm","clk":"7797038826","pt":1540463079871,"mc":[{"id":"1.150144223","rc":[{"ltp":9.6,"id":10706479}]}]}
{"op":"mcm","clk":"7797081757","pt":1540463657504,"mc":[{"id":"1.150144223","rc":[{"ltp":1.12,"id":19924823}]}]}
{"op":"mcm","clk":"7797126907","pt":1540464161579,"mc":[{"id":"1.150144223","rc":[{"ltp":1.11,"id":19924823}]}]}
{"op":"mcm","clk":"7797128269","pt":1540464187467,"mc":[{"id":"1.150144223","rc":[{"ltp":1.12,"id":19924823}]}]}
{"op":"mcm","clk":"7797137295","pt":1540464340680,"mc":[{"id":"1.150144223","rc":[{"ltp":1.11,"id":19924823}]}]}
{"op":"mcm","clk":"7797139937","pt":1540464387382,"mc":[{"id":"1.150144223","rc":[{"ltp":1.12,"id":19924823}]}]}
{"op":"mcm","clk":"7797166173","pt":1540464804898,"mc":[{"id":"1.150144223","rc":[{"ltp":1.11,"id":19924823}]}]}
{"op":"mcm","clk":"7797197281","pt":1540465119659,"mc":[{"id":"1.150144223","rc":[{"ltp":1.12,"id":19924823}]}]}
{"op":"mcm","clk":"7797212899","pt":1540465359080,"mc":[{"id":"1.150144223","rc":[{"ltp":1.11,"id":19924823}]}]}
{"op":"mcm","clk":"7797229580","pt":1540465567603,"mc":[{"id":"1.150144223","rc":[{"ltp":1.12,"id":19924823}]}]}
{"op":"mcm","clk":"7797235511","pt":1540465636382,"mc":[{"id":"1.150144223","rc":[{"ltp":1.11,"id":19924823}]}]}
{"op":"mcm","clk":"7797275890","pt":1540465991058,"mc":[{"id":"1.150144223","rc":[{"ltp":1.12,"id":19924823}]}]}
{"op":"mcm","clk":"7797280158","pt":1540466059071,"mc":[{"id":"1.150144223","rc":[{"ltp":1.11,"id":19924823}]}]}
{"op":"mcm","clk":"7797298294","pt":1540466317470,"mc":[{"id":"1.150144223","rc":[{"ltp":1.12,"id":19924823}]}]}
{"op":"mcm","clk":"7797301377","pt":1540466362033,"mc":[{"id":"1.150144223","rc":[{"ltp":9.2,"id":10706479}]}]}
{"op":"mcm","clk":"7797332428","pt":1540466785544,"mc":[{"id":"1.150144223","rc":[{"ltp":1.11,"id":19924823}]}]}
{"op":"mcm","clk":"7797405307","pt":1540467636573,"mc":[{"id":"1.150144223","rc":[{"ltp":1.12,"id":19924823}]}]}
{"op":"mcm","clk":"7797434033","pt":1540467885941,"mc":[{"id":"1.150144223","rc":[{"ltp":1.11,"id":19924823}]}]}
{"op":"mcm","clk":"7797527729","pt":1540469205679,"mc":[{"id":"1.150144223","rc":[{"ltp":9.4,"id":10706479}]}]}
{"op":"mcm","clk":"7797543628","pt":1540469471338,"mc":[{"id":"1.150144223","rc":[{"ltp":1.12,"id":19924823}]}]}
{"op":"mcm","clk":"7797571091","pt":1540469726037,"mc":[{"id":"1.150144223","rc":[{"ltp":1.11,"id":19924823}]}]}
{"op":"mcm","clk":"7797579081","pt":1540469842481,"mc":[{"id":"1.150144223","rc":[{"ltp":1.12,"id":19924823}]}]}
{"op":"mcm","clk":"7797585042","pt":1540469924800,"mc":[{"id":"1.150144223","rc":[{"ltp":1.11,"id":19924823}]}]}
{"op":"mcm","clk":"7797595165","pt":1540470070197,"mc":[{"id":"1.150144223","rc":[{"ltp":9.6,"id":10706479}]}]}
{"op":"mcm","clk":"7797603531","pt":1540470213021,"mc":[{"id":"1.150144223","rc":[{"ltp":1.12,"id":19924823}]}]}
{"op":"mcm","clk":"7797797609","pt":1540472826413,"mc":[{"id":"1.150144223","rc":[{"ltp":9.4,"id":10706479}]}]}
{"op":"mcm","clk":"7797812555","pt":1540473028261,"mc":[{"id":"1.150144223","rc":[{"ltp":1.11,"id":19924823}]}]}
{"op":"mcm","clk":"7797839957","pt":1540473233273,"mc":[{"id":"1.150144223","rc":[{"ltp":1.12,"id":19924823}]}]}
{"op":"mcm","clk":"7797887355","pt":1540473945063,"mc":[{"id":"1.150144223","rc":[{"ltp":9.8,"id":10706479}]}]}
{"op":"mcm","clk":"7797890451","pt":1540473990442,"mc":[{"id":"1.150144223","rc":[{"ltp":1.11,"id":19924823}]}]}
{"op":"mcm","clk":"7797958940","pt":1540474773217,"mc":[{"id":"1.150144223","rc":[{"ltp":1.12,"id":19924823}]}]}
{"op":"mcm","clk":"7798033451","pt":1540475806072,"mc":[{"id":"1.150144223","rc":[{"ltp":1.11,"id":19924823}]}]}
{"op":"mcm","clk":"7798069238","pt":1540476106489,"mc":[{"id":"1.150144223","rc":[{"ltp":1.12,"id":19924823}]}]}
{"op":"mcm","clk":"7798073971","pt":1540476166375,"mc":[{"id":"1.150144223","rc":[{"ltp":10.0,"id":10706479}]}]}
{"op":"mcm","clk":"7798081704","pt":1540476264203,"mc":[{"id":"1.150144223","rc":[{"ltp":9.8,"id":10706479}]}]}
{"op":"mcm","clk":"7798115020","pt":1540476703404,"mc":[{"id":"1.150144223","rc":[{"ltp":1.11,"id":19924823},{"ltp":10.0,"id":10706479}]}]}
{"op":"mcm","clk":"7798148574","pt":1540476980586,"mc":[{"id":"1.150144223","rc":[{"ltp":1.12,"id":19924823}]}]}
{"op":"mcm","clk":"7798154363","pt":1540477061666,"mc":[{"id":"1.150144223","rc":[{"ltp":1.11,"id":19924823}]}]}
{"op":"mcm","clk":"7798168474","pt":1540477247764,"mc":[{"id":"1.150144223","rc":[{"ltp":9.8,"id":10706479}]}]}
{"op":"mcm","clk":"7798173013","pt":1540477304823,"mc":[{"id":"1.150144223","rc":[{"ltp":1.12,"id":19924823}]}]}
{"op":"mcm","clk":"7798177088","pt":1540477364437,"mc":[{"id":"1.150144223","rc":[{"ltp":1.11,"id":19924823}]}]}
{"op":"mcm","clk":"7798184056","pt":1540477453758,"mc":[{"id":"1.150144223","rc":[{"ltp":1.12,"id":19924823}]}]}
{"op":"mcm","clk":"7798231411","pt":1540477848498,"mc":[{"id":"1.150144223","rc":[{"ltp":1.11,"id":19924823}]}]}
{"op":"mcm","clk":"7798251806","pt":1540478085785,"mc":[{"id":"1.150144223","rc":[{"ltp":10.0,"id":10706479}]}]}
{"op":"mcm","clk":"7798266720","pt":1540478267190,"mc":[{"id":"1.150144223","rc":[{"ltp":1.12,"id":19924823}]}]}
{"op":"mcm","clk":"7798281225","pt":1540478433190,"mc":[{"id":"1.150144223","rc":[{"ltp":1.11,"id":19924823}]}]}
{"op":"mcm","clk":"7798315159","pt":1540478679524,"mc":[{"id":"1.150144223","rc":[{"ltp":1.12,"id":19924823},{"ltp":9.8,"id":10706479}]}]}
{"op":"mcm","clk":"7798332061","pt":1540478866853,"mc":[{"id":"1.150144223","rc":[{"ltp":1.11,"id":19924823}]}]}
{"op":"mcm","clk":"7798344302","pt":1540478988002,"mc":[{"id":"1.150144223","rc":[{"ltp":1.12,"id":19924823}]}]}
{"op":"mcm","clk":"7798364789","pt":1540479224549,"mc":[{"id":"1.150144223","marketDefinition":{"bspMarket":false,"turnInPlayEnabled":true,"persistenceEnabled":true,"marketBaseRate":5.0,"eventId":"28974284","eventTypeId":"2","numberOfWinners":1,"bettingType":"ODDS","marketType":"MATCH_ODDS","marketTime":"2018-10-25T14:49:00.000Z","suspendTime":"2018-10-25T14:49:00.000Z","bspReconciled":false,"complete":true,"inPlay":false,"crossMatching":true,"runnersVoidable":false,"numberOfActiveRunners":2,"betDelay":0,"status":"OPEN","runners":[{"status":"ACTIVE","sortPriority":1,"id":10706479,"name":"Alexei Popyrin"},{"status":"ACTIVE","sortPriority":2,"id":19924823,"name":"Alexander Zverev"}],"regulators":["MR_INT"],"countryCode":"CH","discountAllowed":true,"timezone":"UTC","openDate":"2018-10-25T14:49:00.000Z","version":2474986177,"name":"Match Odds","eventName":"Popyrin v A Zverev"}}]}
{"op":"mcm","clk":"7798370021","pt":1540479286993,"mc":[{"id":"1.150144223","rc":[{"ltp":10.0,"id":10706479}]}]}
{"op":"mcm","clk":"7798374500","pt":1540479336815,"mc":[{"id":"1.150144223","rc":[{"ltp":9.4,"id":10706479}]}]}
{"op":"mcm","clk":"7798404348","pt":1540479528320,"mc":[{"id":"1.150144223","rc":[{"ltp":1.11,"id":19924823}]}]}
{"op":"mcm","clk":"7798409419","pt":1540479586475,"mc":[{"id":"1.150144223","rc":[{"ltp":10.0,"id":10706479}]}]}
{"op":"mcm","clk":"7798414076","pt":1540479640942,"mc":[{"id":"1.150144223","rc":[{"ltp":1.12,"id":19924823}]}]}
{"op":"mcm","clk":"7798420470","pt":1540479700406,"mc":[{"id":"1.150144223","rc":[{"ltp":1.11,"id":19924823},{"ltp":9.4,"id":10706479}]}]}
{"op":"mcm","clk":"7798426841","pt":1540479766275,"mc":[{"id":"1.150144223","rc":[{"ltp":1.12,"id":19924823},{"ltp":9.6,"id":10706479}]}]}
{"op":"mcm","clk":"7798438252","pt":1540479888284,"mc":[{"id":"1.150144223","rc":[{"ltp":9.8,"id":10706479}]}]}
{"op":"mcm","clk":"7798444097","pt":1540479946435,"mc":[{"id":"1.150144223","rc":[{"ltp":9.4,"id":10706479}]}]}
{"op":"mcm","clk":"7798449711","pt":1540480006837,"mc":[{"id":"1.150144223","rc":[{"ltp":10.5,"id":10706479}]}]}
{"op":"mcm","clk":"7798456083","pt":1540480068198,"mc":[{"id":"1.150144223","rc":[{"ltp":10.0,"id":10706479}]}]}
{"op":"mcm","clk":"7798462745","pt":1540480127378,"mc":[{"id":"1.150144223","rc":[{"ltp":1.11,"id":19924823}]}]}
{"op":"mcm","clk":"7798468789","pt":1540480187723,"mc":[{"id":"1.150144223","rc":[{"ltp":1.12,"id":19924823},{"ltp":9.8,"id":10706479}]}]}
{"op":"mcm","clk":"7798474617","pt":1540480248075,"mc":[{"id":"1.150144223","rc":[{"ltp":10.0,"id":10706479}]}]}
{"op":"mcm","clk":"7798480685","pt":1540480308382,"mc":[{"id":"1.150144223","rc":[{"ltp":9.6,"id":10706479}]}]}
{"op":"mcm","clk":"7798506438","pt":1540480424928,"mc":[{"id":"1.150144223","rc":[{"ltp":9.8,"id":10706479}]}]}
{"op":"mcm","clk":"7798512027","pt":1540480486503,"mc":[{"id":"1.150144223","marketDefinition":{"bspMarket":false,"turnInPlayEnabled":true,"persistenceEnabled":true,"marketBaseRate":5.0,"eventId":"28974284","eventTypeId":"2","numberOfWinners":1,"bettingType":"ODDS","marketType":"MATCH_ODDS","marketTime":"2018-10-25T14:49:00.000Z","suspendTime":"2018-10-25T14:49:00.000Z","bspReconciled":false,"complete":true,"inPlay":true,"crossMatching":true,"runnersVoidable":false,"numberOfActiveRunners":2,"betDelay":5,"status":"OPEN","runners":[{"status":"ACTIVE","sortPriority":1,"id":10706479,"name":"Alexei Popyrin"},{"status":"ACTIVE","sortPriority":2,"id":19924823,"name":"Alexander Zverev"}],"regulators":["MR_INT"],"countryCode":"CH","discountAllowed":true,"timezone":"UTC","openDate":"2018-10-25T14:49:00.000Z","version":2475029389,"name":"Match Odds","eventName":"Popyrin v A Zverev"}}]}
{"op":"mcm","clk":"7798517564","pt":1540480548727,"mc":[{"id":"1.150144223","rc":[{"ltp":1.14,"id":19924823},{"ltp":8.2,"id":10706479}]}]}
{"op":"mcm","clk":"7798522838","pt":1540480608099,"mc":[{"id":"1.150144223","rc":[{"ltp":1.16,"id":19924823},{"ltp":7.6,"id":10706479}]}]}
{"op":"mcm","clk":"7798528529","pt":1540480668555,"mc":[{"id":"1.150144223","rc":[{"ltp":1.14,"id":19924823}]}]}
{"op":"mcm","clk":"7798534072","pt":1540480727980,"mc":[{"id":"1.150144223","rc":[{"ltp":8.0,"id":10706479}]}]}
{"op":"mcm","clk":"7798539480","pt":1540480788502,"mc":[{"id":"1.150144223","rc":[{"ltp":1.16,"id":19924823},{"ltp":7.6,"id":10706479}]}]}
{"op":"mcm","clk":"7798545372","pt":1540480847906,"mc":[{"id":"1.150144223","rc":[{"ltp":6.8,"id":10706479}]}]}
{"op":"mcm","clk":"7798551011","pt":1540480906385,"mc":[{"id":"1.150144223","rc":[{"ltp":7.4,"id":10706479}]}]}
{"op":"mcm","clk":"7798556478","pt":1540480966480,"mc":[{"id":"1.150144223","rc":[{"ltp":1.15,"id":19924823}]}]}
{"op":"mcm","clk":"7798568071","pt":1540481088702,"mc":[{"id":"1.150144223","rc":[{"ltp":1.14,"id":19924823},{"ltp":8.0,"id":10706479}]}]}
{"op":"mcm","clk":"7798573658","pt":1540481148484,"mc":[{"id":"1.150144223","rc":[{"ltp":1.13,"id":19924823}]}]}
{"op":"mcm","clk":"7798579590","pt":1540481208709,"mc":[{"id":"1.150144223","rc":[{"ltp":1.16,"id":19924823},{"ltp":6.8,"id":10706479}]}]}
{"op":"mcm","clk":"7798605558","pt":1540481325914,"mc":[{"id":"1.150144223","rc":[{"ltp":1.17,"id":19924823},{"ltp":7.0,"id":10706479}]}]}
{"op":"mcm","clk":"7798617565","pt":1540481448724,"mc":[{"id":"1.150144223","rc":[{"ltp":1.15,"id":19924823},{"ltp":7.2,"id":10706479}]}]}
{"op":"mcm","clk":"7798623264","pt":1540481508722,"mc":[{"id":"1.150144223","rc":[{"ltp":1.17,"id":19924823},{"ltp":6.8,"id":10706479}]}]}
{"op":"mcm","clk":"7798628875","pt":1540481568596,"mc":[{"id":"1.150144223","rc":[{"ltp":1.18,"id":19924823},{"ltp":6.4,"id":10706479}]}]}
{"op":"mcm","clk":"7798634759","pt":1540481628426,"mc":[{"id":"1.150144223","rc":[{"ltp":1.2,"id":19924823}]}]}
{"op":"mcm","clk":"7798640469","pt":1540481688642,"mc":[{"id":"1.150144223","rc":[{"ltp":1.19,"id":19924823}]}]}
{"op":"mcm","clk":"7798646195","pt":1540481748423,"mc":[{"id":"1.150144223","rc":[{"ltp":6.0,"id":10706479}]}]}
{"op":"mcm","clk":"7798651760","pt":1540481808245,"mc":[{"id":"1.150144223","rc":[{"ltp":6.2,"id":10706479}]}]}
{"op":"mcm","clk":"7798657587","pt":1540481868719,"mc":[{"id":"1.150144223","rc":[{"ltp":1.18,"id":19924823},{"ltp":6.6,"id":10706479}]}]}
{"op":"mcm","clk":"7798664101","pt":1540481928628,"mc":[{"id":"1.150144223","rc":[{"ltp":1.16,"id":19924823},{"ltp":7.2,"id":10706479}]}]}
{"op":"mcm","clk":"7798671452","pt":1540481988538,"mc":[{"id":"1.150144223","rc":[{"ltp":1.1,"id":19924823},{"ltp":11.0,"id":10706479}]}]}
{"op":"mcm","clk":"7798678029","pt":1540482048709,"mc":[{"id":"1.150144223","rc":[{"ltp":1.09,"id":19924823},{"ltp":13.5,"id":10706479}]}]}
{"op":"mcm","clk":"7798685678","pt":1540482108424,"mc":[{"id":"1.150144223","rc":[{"ltp":1.06,"id":19924823},{"ltp":18.0,"id":10706479}]}]}
{"op":"mcm","clk":"7798708029","pt":1540482168630,"mc":[{"id":"1.150144223","rc":[{"ltp":20.0,"id":10706479}]}]}
{"op":"mcm","clk":"7798716183","pt":1540482228562,"mc":[{"id":"1.150144223","rc":[{"ltp":1.05,"id":19924823},{"ltp":21.0,"id":10706479}]}]}
{"op":"mcm","clk":"7798724137","pt":1540482288615,"mc":[{"id":"1.150144223","rc":[{"ltp":23.0,"id":10706479}]}]}
{"op":"mcm","clk":"7798732189","pt":1540482348572,"mc":[{"id":"1.150144223","rc":[{"ltp":26.0,"id":10706479}]}]}
{"op":"mcm","clk":"7798739854","pt":1540482407956,"mc":[{"id":"1.150144223","rc":[{"ltp":1.04,"id":19924823},{"ltp":27.0,"id":10706479}]}]}
{"op":"mcm","clk":"7798747321","pt":1540482468490,"mc":[{"id":"1.150144223","rc":[{"ltp":23.0,"id":10706479}]}]}
{"op":"mcm","clk":"7798754649","pt":1540482528505,"mc":[{"id":"1.150144223","rc":[{"ltp":1.02,"id":19924823},{"ltp":32.0,"id":10706479}]}]}
{"op":"mcm","clk":"7798762218","pt":1540482588430,"mc":[{"id":"1.150144223","rc":[{"ltp":1.05,"id":19924823},{"ltp":26.0,"id":10706479}]}]}
{"op":"mcm","clk":"7798769822","pt":1540482648242,"mc":[{"id":"1.150144223","rc":[{"ltp":1.04,"id":19924823},{"ltp":24.0,"id":10706479}]}]}
{"op":"mcm","clk":"7798776703","pt":1540482708243,"mc":[{"id":"1.150144223","rc":[{"ltp":26.0,"id":10706479}]}]}
{"op":"mcm","clk":"7798789852","pt":1540482828447,"mc":[{"id":"1.150144223","rc":[{"ltp":1.03,"id":19924823},{"ltp":50.0,"id":10706479}]}]}
{"op":"mcm","clk":"7798796488","pt":1540482888193,"mc":[{"id":"1.150144223","rc":[{"ltp":1.02,"id":19924823}]}]}
{"op":"mcm","clk":"7798803674","pt":1540482948704,"mc":[{"id":"1.150144223","rc":[{"ltp":1.01,"id":19924823},{"ltp":100.0,"id":10706479}]}]}
{"op":"mcm","clk":"7798810575","pt":1540483008663,"mc":[{"id":"1.150144223","rc":[{"ltp":1.02,"id":19924823}]}]}
{"op":"mcm","clk":"7798832447","pt":1540483067907,"mc":[{"id":"1.150144223","rc":[{"ltp":85.0,"id":10706479}]}]}
{"op":"mcm","clk":"7798839236","pt":1540483128199,"mc":[{"id":"1.150144223","rc":[{"ltp":1.01,"id":19924823},{"ltp":65.0,"id":10706479}]}]}
{"op":"mcm","clk":"7798845826","pt":1540483188243,"mc":[{"id":"1.150144223","rc":[{"ltp":110.0,"id":10706479}]}]}
{"op":"mcm","clk":"7798860201","pt":1540483307423,"mc":[{"id":"1.150144223","rc":[{"ltp":140.0,"id":10706479}]}]}
{"op":"mcm","clk":"7798867225","pt":1540483367836,"mc":[{"id":"1.150144223","rc":[{"ltp":110.0,"id":10706479}]}]}
{"op":"mcm","clk":"7798874125","pt":1540483426291,"mc":[{"id":"1.150144223","rc":[{"ltp":160.0,"id":10706479}]}]}
{"op":"mcm","clk":"7798881424","pt":1540483488041,"mc":[{"id":"1.150144223","rc":[{"ltp":100.0,"id":10706479}]}]}
{"op":"mcm","clk":"7798888560","pt":1540483546412,"mc":[{"id":"1.150144223","rc":[{"ltp":150.0,"id":10706479}]}]}
{"op":"mcm","clk":"7798896366","pt":1540483608616,"mc":[{"id":"1.150144223","rc":[{"ltp":110.0,"id":10706479}]}]}
{"op":"mcm","clk":"7798903830","pt":1540483668250,"mc":[{"id":"1.150144223","rc":[{"ltp":90.0,"id":10706479}]}]}
{"op":"mcm","clk":"7798910845","pt":1540483728172,"mc":[{"id":"1.150144223","rc":[{"ltp":1.02,"id":19924823},{"ltp":95.0,"id":10706479}]}]}
{"op":"mcm","clk":"7798917046","pt":1540483787848,"mc":[{"id":"1.150144223","rc":[{"ltp":1.01,"id":19924823},{"ltp":130.0,"id":10706479}]}]}
{"op":"mcm","clk":"7798923213","pt":1540483847533,"mc":[{"id":"1.150144223","rc":[{"ltp":170.0,"id":10706479}]}]}
{"op":"mcm","clk":"7798929477","pt":1540483908553,"mc":[{"id":"1.150144223","rc":[{"ltp":140.0,"id":10706479}]}]}
{"op":"mcm","clk":"7798950829","pt":1540483968512,"mc":[{"id":"1.150144223","rc":[{"ltp":350.0,"id":10706479}]}]}
{"op":"mcm","clk":"7798956807","pt":1540484027386,"mc":[{"id":"1.150144223","rc":[{"ltp":160.0,"id":10706479}]}]}
{"op":"mcm","clk":"7798963228","pt":1540484087749,"mc":[{"id":"1.150144223","rc":[{"ltp":150.0,"id":10706479}]}]}
{"op":"mcm","clk":"7798977369","pt":1540484207065,"mc":[{"id":"1.150144223","rc":[{"ltp":110.0,"id":10706479}]}]}
{"op":"mcm","clk":"7798984073","pt":1540484267372,"mc":[{"id":"1.150144223","rc":[{"ltp":200.0,"id":10706479}]}]}
{"op":"mcm","clk":"7798997044","pt":1540484385541,"mc":[{"id":"1.150144223","rc":[{"ltp":140.0,"id":10706479}]}]}
{"op":"mcm","clk":"7799004059","pt":1540484448333,"mc":[{"id":"1.150144223","rc":[{"ltp":180.0,"id":10706479}]}]}
{"op":"mcm","clk":"7799010066","pt":1540484507379,"mc":[{"id":"1.150144223","rc":[{"ltp":150.0,"id":10706479}]}]}
{"op":"mcm","clk":"7799016724","pt":1540484568607,"mc":[{"id":"1.150144223","rc":[{"ltp":100.0,"id":10706479}]}]}
{"op":"mcm","clk":"7799023681","pt":1540484628651,"mc":[{"id":"1.150144223","rc":[{"ltp":260.0,"id":10706479}]}]}
{"op":"mcm","clk":"7799030698","pt":1540484688582,"mc":[{"id":"1.150144223","rc":[{"ltp":90.0,"id":10706479}]}]}
{"op":"mcm","clk":"7799036841","pt":1540484739780,"mc":[{"id":"1.150144223","marketDefinition":{"bspMarket":false,"turnInPlayEnabled":true,"persistenceEnabled":true,"marketBaseRate":5.0,"eventId":"28974284","eventTypeId":"2","numberOfWinners":1,"bettingType":"ODDS","marketType":"MATCH_ODDS","marketTime":"2018-10-25T14:49:00.000Z","suspendTime":"2018-10-25T14:49:00.000Z","bspReconciled":false,"complete":true,"inPlay":true,"crossMatching":true,"runnersVoidable":false,"numberOfActiveRunners":2,"betDelay":5,"status":"SUSPENDED","runners":[{"status":"ACTIVE","sortPriority":1,"id":10706479,"name":"Alexei Popyrin"},{"status":"ACTIVE","sortPriority":2,"id":19924823,"name":"Alexander Zverev"}],"regulators":["MR_INT"],"countryCode":"CH","discountAllowed":true,"timezone":"UTC","openDate":"2018-10-25T14:49:00.000Z","version":2475122433,"name":"Match Odds","eventName":"Popyrin v A Zverev"},"rc":[{"ltp":140.0,"id":10706479}]}]}
{"op":"mcm","clk":"7799044678","pt":1540484807897,"mc":[{"id":"1.150144223","marketDefinition":{"bspMarket":false,"turnInPlayEnabled":true,"persistenceEnabled":true,"marketBaseRate":5.0,"eventId":"28974284","eventTypeId":"2","numberOfWinners":1,"bettingType":"ODDS","marketType":"MATCH_ODDS","marketTime":"2018-10-25T14:49:00.000Z","suspendTime":"2018-10-25T14:49:00.000Z","bspReconciled":false,"complete":true,"inPlay":true,"crossMatching":false,"runnersVoidable":false,"numberOfActiveRunners":0,"betDelay":5,"status":"CLOSED","settledTime":"2018-10-25T16:25:58.000Z","runners":[{"status":"LOSER","sortPriority":1,"id":10706479,"name":"Alexei Popyrin"},{"status":"WINNER","sortPriority":2,"id":19924823,"name":"Alexander Zverev"}],"regulators":["MR_INT"],"countryCode":"CH","discountAllowed":true,"timezone":"UTC","openDate":"2018-10-25T14:49:00.000Z","version":2475123040,"name":"Match Odds","eventName":"Popyrin v A Zverev"}}]}
