{"op":"mcm","clk":"7728889491","pt":1540311888752,"mc":[{"id":"1.150067014","marketDefinition":{"bspMarket":false,"turnInPlayEnabled":true,"persistenceEnabled":true,"marketBaseRate":5.0,"eventId":"28972033","eventTypeId":"2","numberOfWinners":1,"bettingType":"ODDS","marketType":"MATCH_ODDS","marketTime":"2018-10-25T11:30:00.000Z","suspendTime":"2018-10-25T11:30:00.000Z","bspReconciled":false,"complete":true,"inPlay":false,"crossMatching":true,"runnersVoidable":false,"numberOfActiveRunners":2,"betDelay":0,"status":"OPEN","runners":[{"status":"ACTIVE","sortPriority":1,"id":2309522,"name":"Caroline Wozniacki"},{"status":"ACTIVE","sortPriority":2,"id":6324464,"name":"Elina Svitolina"}],"regulators":["MR_INT"],"countryCode":"SG","discountAllowed":true,"timezone":"UTC","openDate":"2018-10-25T11:30:00.000Z","version":2471944893,"name":"Match Odds","eventName":"Wozniacki v Svitolina"}}]}
{"op":"mcm","clk":"7729559131","pt":1540319679740,"mc":[{"id":"1.150067014","rc":[{"ltp":1.84,"id":2309522}]}]}
{"op":"mcm","clk":"7729835061","pt":1540321618270,"mc":[{"id":"1.150067014","rc":[{"ltp":1.78,"id":2309522}]}]}
{"op":"mcm","clk":"7730220459","pt":1540324378203,"mc":[{"id":"1.150067014","rc":[{"ltp":1.77,"id":2309522}]}]}
{"op":"mcm","clk":"7731658326","pt":1540353115716,"mc":[{"id":"1.150067014","rc":[{"ltp":1.76,"id":2309522}]}]}
{"op":"mcm","clk":"7732190881","pt":1540362838662,"mc":[{"id":"1.150067014","rc":[{"ltp":2.24,"id":6324464}]}]}
{"op":"mcm","clk":"7732868088","pt":1540372900918,"mc":[{"id":"1.150067014","rc":[{"ltp":1.77,"id":2309522}]}]}
{"op":"mcm","clk":"7732967493","pt":1540374025945,"mc":[{"id":"1.150067014","rc":[{"ltp":1.79,"id":2309522}]}]}
{"op":"mcm","clk":"7734122037","pt":1540386403108,"mc":[{"id":"1.150067014","rc":[{"ltp":2.26,"id":6324464}]}]}
{"op":"mcm","clk":"7734327938","pt":1540388369058,"mc":[{"id":"1.150067014","rc":[{"ltp":2.3,"id":6324464}]}]}
{"op":"mcm","clk":"7734706365","pt":1540392087664,"mc":[{"id":"1.150067014","rc":[{"ltp":2.26,"id":6324464}]}]}
{"op":"mcm","clk":"7735549318","pt":1540398520700,"mc":[{"id":"1.150067014","rc":[{"ltp":1.8,"id":2309522},{"ltp":2.24,"id":6324464}]}]}
{"op":"mcm","clk":"7735900158","pt":1540401633411,"mc":[{"id":"1.150067014","rc":[{"ltp":1.78,"id":2309522}]}]}
{"op":"mcm","clk":"7736220259","pt":1540404557894,"mc":[{"id":"1.150067014","rc":[{"ltp":1.8,"id":2309522}]}]}
{"op":"mcm","clk":"7736503538","pt":1540406985264,"mc":[{"id":"1.150067014","rc":[{"ltp":1.78,"id":2309522}]}]}
{"op":"mcm","clk":"7736898787","pt":1540410195461,"mc":[{"id":"1.150067014","rc":[{"ltp":2.3,"id":6324464}]}]}
{"op":"mcm","clk":"7736942065","pt":1540410638611,"mc":[{"id":"1.150067014","rc":[{"ltp":1.8,"id":2309522}]}]}
{"op":"mcm","clk":"7737220194","pt":1540413307308,"mc":[{"id":"1.150067014","rc":[{"ltp":1.84,"id":2309522}]}]}
{"op":"mcm","clk":"7737257625","pt":1540413638704,"mc":[{"id":"1.150067014","rc":[{"ltp":1.85,"id":2309522}]}]}
{"op":"mcm","clk":"7737263235","pt":1540413710740,"mc":[{"id":"1.150067014","rc":[{"ltp":1.84,"id":2309522}]}]}
{"op":"mcm","clk":"7737354410","pt":1540415029387,"mc":[{"id":"1.150067014","rc":[{"ltp":2.16,"id":6324464}]}]}
{"op":"mcm","clk":"7737574849","pt":1540418688741,"mc":[{"id":"1.150067014","rc":[{"ltp":1.85,"id":2309522},{"ltp":2.18,"id":6324464}]}]}
{"op":"mcm","clk":"7737605782","pt":1540419148367,"mc":[{"id":"1.150067014","rc":[{"ltp":1.81,"id":2309522}]}]}
{"op":"mcm","clk":"7737651544","pt":1540420119791,"mc":[{"id":"1.150067014","rc":[{"ltp":1.86,"id":2309522}]}]}
{"op":"mcm","clk":"7737695616","pt":1540420956082,"mc":[{"id":"1.150067014","rc":[{"ltp":2.16,"id":6324464}]}]}
{"op":"mcm","clk":"7738126047","pt":1540429138787,"mc":[{"id":"1.150067014","rc":[{"ltp":1.82,"id":2309522},{"ltp":2.22,"id":6324464}]}]}
{"op":"mcm","clk":"7738602860","pt":1540436060834,"mc":[{"id":"1.150067014","rc":[{"ltp":1.79,"id":2309522}]}]}
{"op":"mcm","clk":"7738708535","pt":1540438821753,"mc":[{"id":"1.150067014","rc":[{"ltp":2.28,"id":6324464}]}]}
{"op":"mcm","clk":"7738720323","pt":1540439274248,"mc":[{"id":"1.150067014","rc":[{"ltp":1.89,"id":2309522},{"ltp":2.06,"id":6324464}]}]}
{"op":"mcm","clk":"7738722509","pt":1540439380633,"mc":[{"id":"1.150067014","rc":[{"ltp":1.82,"id":2309522}]}]}
{"op":"mcm","clk":"7738740611","pt":1540439599581,"mc":[{"id":"1.150067014","rc":[{"ltp":2.14,"id":6324464}]}]}
{"op":"mcm","clk":"7738751440","pt":1540439928159,"mc":[{"id":"1.150067014","rc":[{"ltp":1.86,"id":2309522}]}]}
{"op":"mcm","clk":"7738756926","pt":1540440057116,"mc":[{"id":"1.150067014","rc":[{"ltp":1.85,"id":2309522},{"ltp":2.16,"id":6324464}]}]}
{"op":"mcm","clk":"7738811909","pt":1540441094311,"mc":[{"id":"1.150067014","rc":[{"ltp":1.83,"id":2309522},{"ltp":2.2,"id":6324464}]}]}
{"op":"mcm","clk":"7738829647","pt":1540441339056,"mc":[{"id":"1.150067014","rc":[{"ltp":2.16,"id":6324464}]}]}
{"op":"mcm","clk":"7738839881","pt":1540441678922,"mc":[{"id":"1.150067014","rc":[{"ltp":1.82,"id":2309522}]}]}
{"op":"mcm","clk":"7738886496","pt":1540442499556,"mc":[{"id":"1.150067014","rc":[{"ltp":1.81,"id":2309522}]}]}
{"op":"mcm","clk":"7738896257","pt":1540442756872,"mc":[{"id":"1.150067014","rc":[{"ltp":1.82,"id":2309522}]}]}
{"op":"mcm","clk":"7738907402","pt":1540443105383,"mc":[{"id":"1.150067014","rc":[{"ltp":1.83,"id":2309522},{"ltp":2.2,"id":6324464}]}]}
{"op":"mcm","clk":"7739017884","pt":1540445329941,"mc":[{"id":"1.150067014","rc":[{"ltp":1.82,"id":2309522}]}]}
{"op":"mcm","clk":"7739075490","pt":1540446704212,"mc":[{"id":"1.150067014","rc":[{"ltp":1.81,"id":2309522}]}]}
{"op":"mcm","clk":"7739088032","pt":1540446752095,"mc":[{"id":"1.150067014","rc":[{"ltp":1.82,"id":2309522}]}]}
{"op":"mcm","clk":"7739104013","pt":1540447287249,"mc":[{"id":"1.150067014","rc":[{"ltp":1.81,"id":2309522}]}]}
{"op":"mcm","clk":"7739109159","pt":1540447426394,"mc":[{"id":"1.150067014","rc":[{"ltp":2.22,"id":6324464}]}]}
{"op":"mcm","clk":"7739140348","pt":1540448020613,"mc":[{"id":"1.150067014","rc":[{"ltp":1.8,"id":2309522},{"ltp":2.24,"id":6324464}]}]}
{"op":"mcm","clk":"7739147447","pt":1540448212159,"mc":[{"id":"1.150067014","rc":[{"ltp":1.79,"id":2309522},{"ltp":2.26,"id":6324464}]}]}
{"op":"mcm","clk":"7739174258","pt":1540448596097,"mc":[{"id":"1.150067014","rc":[{"ltp":2.22,"id":6324464}]}]}
{"op":"mcm","clk":"7739226624","pt":1540449609119,"mc":[{"id":"1.150067014","rc":[{"ltp":1.81,"id":2309522}]}]}
{"op":"mcm","clk":"7739230229","pt":1540449773226,"mc":[{"id":"1.150067014","rc":[{"ltp":1.8,"id":2309522}]}]}
{"op":"mcm","clk":"7739233308","pt":1540449890652,"mc":[{"id":"1.150067014","rc":[{"ltp":2.24,"id":6324464}]}]}
{"op":"mcm","clk":"7739236404","pt":1540450006933,"mc":[{"id":"1.150067014","rc":[{"ltp":1.79,"id":2309522},{"ltp":2.26,"id":6324464}]}]}
{"op":"mcm","clk":"7739243622","pt":1540450316794,"mc":[{"id":"1.150067014","rc":[{"ltp":2.24,"id":6324464}]}]}
{"op":"mcm","clk":"7739255740","pt":1540450353789,"mc":[{"id":"1.150067014","rc":[{"ltp":1.8,"id":2309522}]}]}
{"op":"mcm","clk":"7739266396","pt":1540450677869,"mc":[{"id":"1.150067014","rc":[{"ltp":2.22,"id":6324464}]}]}
{"op":"mcm","clk":"7739270238","pt":1540450798476,"mc":[{"id":"1.150067014","rc":[{"ltp":1.79,"id":2309522},{"ltp":2.26,"id":6324464}]}]}
{"op":"mcm","clk":"7739272258","pt":1540450855528,"mc":[{"id":"1.150067014","rc":[{"ltp":2.24,"id":6324464}]}]}
{"op":"mcm","clk":"7739279444","pt":1540451037942,"mc":[{"id":"1.150067014","rc":[{"ltp":1.81,"id":2309522}]}]}
{"op":"mcm","clk":"7739306916","pt":1540451504370,"mc":[{"id":"1.150067014","rc":[{"ltp":1.82,"id":2309522},{"ltp":2.22,"id":6324464}]}]}
{"op":"mcm","clk":"7739325276","pt":1540452048676,"mc":[{"id":"1.150067014","rc":[{"ltp":1.83,"id":2309522},{"ltp":2.18,"id":6324464}]}]}
{"op":"mcm","clk":"7739327003","pt":1540452100304,"mc":[{"id":"1.150067014","rc":[{"ltp":1.84,"id":2309522}]}]}
{"op":"mcm","clk":"7739358717","pt":1540452685037,"mc":[{"id":"1.150067014","rc":[{"ltp":2.16,"id":6324464}]}]}
{"op":"mcm","clk":"7739389998","pt":1540453050228,"mc":[{"id":"1.150067014","rc":[{"ltp":1.83,"id":2309522},{"ltp":2.18,"id":6324464}]}]}
{"op":"mcm","clk":"7739396005","pt":1540453168503,"mc":[{"id":"1.150067014","rc":[{"ltp":2.2,"id":6324464}]}]}
{"op":"mcm","clk":"7739600136","pt":1540456639838,"mc":[{"id":"1.150067014","rc":[{"ltp":1.82,"id":2309522}]}]}
{"op":"mcm","clk":"7739606676","pt":1540456794725,"mc":[{"id":"1.150067014","rc":[{"ltp":1.83,"id":2309522}]}]}
{"op":"mcm","clk":"7739612953","pt":1540456918462,"mc":[{"id":"1.150067014","rc":[{"ltp":1.82,"id":2309522}]}]}
{"op":"mcm","clk":"7739613995","pt":1540456939088,"mc":[{"id":"1.150067014","rc":[{"ltp":1.81,"id":2309522}]}]}
{"op":"mcm","clk":"7739625168","pt":1540457158416,"mc":[{"id":"1.150067014","rc":[{"ltp":1.8,"id":2309522}]}]}
{"op":"mcm","clk":"7739635834","pt":1540457391538,"mc":[{"id":"1.150067014","rc":[{"ltp":2.24,"id":6324464}]}]}
{"op":"mcm","clk":"7739641324","pt":1540457513799,"mc":[{"id":"1.150067014","rc":[{"ltp":1.81,"id":2309522}]}]}
{"op":"mcm","clk":"7739677755","pt":1540457999246,"mc":[{"id":"1.150067014","rc":[{"ltp":1.8,"id":2309522}]}]}
{"op":"mcm","clk":"7739687824","pt":1540458175448,"mc":[{"id":"1.150067014","rc":[{"ltp":1.81,"id":2309522},{"ltp":2.22,"id":6324464}]}]}
{"op":"mcm","clk":"7739695118","pt":1540458357059,"mc":[{"id":"1.150067014","rc":[{"ltp":1.83,"id":2309522}]}]}
{"op":"mcm","clk":"7739711884","pt":1540458453843,"mc":[{"id":"1.150067014","rc":[{"ltp":1.82,"id":2309522}]}]}
{"op":"mcm","clk":"7739720470","pt":1540458619263,"mc":[{"id":"1.150067014","rc":[{"ltp":1.83,"id":2309522}]}]}
{"op":"mcm","clk":"7739725658","pt":1540458717611,"mc":[{"id":"1.150067014","rc":[{"ltp":1.82,"id":2309522}]}]}
{"op":"mcm","clk":"7739737733","pt":1540458945250,"mc":[{"id":"1.150067014","rc":[{"ltp":1.81,"id":2309522}]}]}
{"op":"mcm","clk":"7739741614","pt":1540459019086,"mc":[{"id":"1.150067014","rc":[{"ltp":1.82,"id":2309522}]}]}
{"op":"mcm","clk":"7739742497","pt":1540459039630,"mc":[{"id":"1.150067014","rc":[{"ltp":1.83,"id":2309522}]}]}
{"op":"mcm","clk":"7739745829","pt":1540459107769,"mc":[{"id":"1.150067014","rc":[{"ltp":1.82,"id":2309522}]}]}
{"op":"mcm","clk":"7739755094","pt":1540459310045,"mc":[{"id":"1.150067014","rc":[{"ltp":1.83,"id":2309522}]}]}
{"op":"mcm","clk":"7739779516","pt":1540459552358,"mc":[{"id":"1.150067014","rc":[{"ltp":1.82,"id":2309522},{"ltp":2.2,"id":6324464}]}]}
{"op":"mcm","clk":"7739785411","pt":1540459673661,"mc":[{"id":"1.150067014","rc":[{"ltp":1.83,"id":2309522}]}]}
{"op":"mcm","clk":"7739788469","pt":1540459736018,"mc":[{"id":"1.150067014","rc":[{"ltp":2.22,"id":6324464}]}]}
{"op":"mcm","clk":"7739804974","pt":1540460039536,"mc":[{"id":"1.150067014","rc":[{"ltp":1.84,"id":2309522}]}]}
{"op":"mcm","clk":"7739807489","pt":1540460091534,"mc":[{"id":"1.150067014","rc":[{"ltp":1.85,"id":2309522},{"ltp":2.2,"id":6324464}]}]}
{"op":"mcm","clk":"7739811044","pt":1540460155406,"mc":[{"id":"1.150067014","rc":[{"ltp":1.83,"id":2309522},{"ltp":2.16,"id":6324464}]}]}
{"op":"mcm","clk":"7739815153","pt":1540460216920,"mc":[{"id":"1.150067014","rc":[{"ltp":1.84,"id":2309522}]}]}
{"op":"mcm","clk":"7739831753","pt":1540460276795,"mc":[{"id":"1.150067014","rc":[{"ltp":2.2,"id":6324464}]}]}
{"op":"mcm","clk":"7739835564","pt":1540460338982,"mc":[{"id":"1.150067014","rc":[{"ltp":1.83,"id":2309522}]}]}
{"op":"mcm","clk":"7739839216","pt":1540460399540,"mc":[{"id":"1.150067014","rc":[{"ltp":1.85,"id":2309522},{"ltp":2.16,"id":6324464}]}]}
{"op":"mcm","clk":"7739842854","pt":1540460456972,"mc":[{"id":"1.150067014","rc":[{"ltp":1.83,"id":2309522},{"ltp":2.2,"id":6324464}]}]}
{"op":"mcm","clk":"7739852443","pt":1540460629742,"mc":[{"id":"1.150067014","rc":[{"ltp":1.84,"id":2309522},{"ltp":2.18,"id":6324464}]}]}
{"op":"mcm","clk":"7739872019","pt":1540460998129,"mc":[{"id":"1.150067014","rc":[{"ltp":1.85,"id":2309522}]}]}
{"op":"mcm","clk":"7739875094","pt":1540461059453,"mc":[{"id":"1.150067014","rc":[{"ltp":2.16,"id":6324464}]}]}
{"op":"mcm","clk":"7739893844","pt":1540461171118,"mc":[{"id":"1.150067014","rc":[{"ltp":1.86,"id":2309522}]}]}
{"op":"mcm","clk":"7739902846","pt":1540461354474,"mc":[{"id":"1.150067014","rc":[{"ltp":2.14,"id":6324464}]}]}
{"op":"mcm","clk":"7739910896","pt":1540461478017,"mc":[{"id":"1.150067014","rc":[{"ltp":1.87,"id":2309522}]}]}
{"op":"mcm","clk":"7739915464","pt":1540461539243,"mc":[{"id":"1.150067014","rc":[{"ltp":1.86,"id":2309522}]}]}
{"op":"mcm","clk":"7739923933","pt":1540461653104,"mc":[{"id":"1.150067014","rc":[{"ltp":2.16,"id":6324464}]}]}
{"op":"mcm","clk":"7739925987","pt":1540461679001,"mc":[{"id":"1.150067014","rc":[{"ltp":2.14,"id":6324464}]}]}
{"op":"mcm","clk":"7739939760","pt":1540461886378,"mc":[{"id":"1.150067014","rc":[{"ltp":2.16,"id":6324464}]}]}
{"op":"mcm","clk":"7739943466","pt":1540461955529,"mc":[{"id":"1.150067014","rc":[{"ltp":1.85,"id":2309522},{"ltp":2.18,"id":6324464}]}]}
{"op":"mcm","clk":"7739946568","pt":1540462014351,"mc":[{"id":"1.150067014","rc":[{"ltp":2.16,"id":6324464}]}]}
{"op":"mcm","clk":"7739987546","pt":1540462553328,"mc":[{"id":"1.150067014","rc":[{"ltp":1.86,"id":2309522}]}]}
{"op":"mcm","clk":"7740027317","pt":1540463034421,"mc":[{"id":"1.150067014","rc":[{"ltp":1.87,"id":2309522}]}]}
{"op":"mcm","clk":"7740030730","pt":1540463091749,"mc":[{"id":"1.150067014","rc":[{"ltp":1.85,"id":2309522}]}]}
{"op":"mcm","clk":"7740034610","pt":1540463154199,"mc":[{"id":"1.150067014","rc":[{"ltp":1.87,"id":2309522},{"ltp":2.14,"id":6324464}]}]}
{"op":"mcm","clk":"7740048625","pt":1540463395606,"mc":[{"id":"1.150067014","rc":[{"ltp":1.86,"id":2309522}]}]}
{"op":"mcm","clk":"7740056876","pt":1540463512798,"mc":[{"id":"1.150067014","rc":[{"ltp":2.16,"id":6324464}]}]}
{"op":"mcm","clk":"7740072475","pt":1540463805080,"mc":[{"id":"1.150067014","rc":[{"ltp":1.85,"id":2309522}]}]}
{"op":"mcm","clk":"7740093956","pt":1540463999451,"mc":[{"id":"1.150067014","rc":[{"ltp":1.86,"id":2309522}]}]}
{"op":"mcm","clk":"7740096654","pt":1540464055142,"mc":[{"id":"1.150067014","rc":[{"ltp":1.87,"id":2309522}]}]}
{"op":"mcm","clk":"7740099771","pt":1540464113163,"mc":[{"id":"1.150067014","rc":[{"ltp":1.89,"id":2309522},{"ltp":2.12,"id":6324464}]}]}
{"op":"mcm","clk":"7740103211","pt":1540464178531,"mc":[{"id":"1.150067014","rc":[{"ltp":1.88,"id":2309522}]}]}
{"op":"mcm","clk":"7740105324","pt":1540464214476,"mc":[{"id":"1.150067014","rc":[{"ltp":1.87,"id":2309522}]}]}
{"op":"mcm","clk":"7740110361","pt":1540464297992,"mc":[{"id":"1.150067014","rc":[{"ltp":1.88,"id":2309522}]}]}
{"op":"mcm","clk":"7740117803","pt":1540464417029,"mc":[{"id":"1.150067014","rc":[{"ltp":1.87,"id":2309522}]}]}
{"op":"mcm","clk":"7740120788","pt":1540464471473,"mc":[{"id":"1.150067014","rc":[{"ltp":1.88,"id":2309522}]}]}
{"op":"mcm","clk":"7740129381","pt":1540464658755,"mc":[{"id":"1.150067014","rc":[{"ltp":1.85,"id":2309522},{"ltp":2.16,"id":6324464}]}]}
{"op":"mcm","clk":"7740131898","pt":1540464718892,"mc":[{"id":"1.150067014","rc":[{"ltp":1.84,"id":2309522}]}]}
{"op":"mcm","clk":"7740147233","pt":1540464779288,"mc":[{"id":"1.150067014","rc":[{"ltp":1.83,"id":2309522},{"ltp":2.2,"id":6324464}]}]}
{"op":"mcm","clk":"7740150499","pt":1540464839487,"mc":[{"id":"1.150067014","rc":[{"ltp":1.85,"id":2309522},{"ltp":2.18,"id":6324464}]}]}
{"op":"mcm","clk":"7740153788","pt":1540464898057,"mc":[{"id":"1.150067014","rc":[{"ltp":1.86,"id":2309522},{"ltp":2.16,"id":6324464}]}]}
{"op":"mcm","clk":"7740156286","pt":1540464940381,"mc":[{"id":"1.150067014","rc":[{"ltp":1.85,"id":2309522}]}]}
{"op":"mcm","clk":"7740159245","pt":1540464998242,"mc":[{"id":"1.150067014","rc":[{"ltp":1.86,"id":2309522}]}]}
{"op":"mcm","clk":"7740163318","pt":1540465079014,"mc":[{"id":"1.150067014","rc":[{"ltp":1.88,"id":2309522},{"ltp":2.14,"id":6324464}]}]}
{"op":"mcm","clk":"7740166024","pt":1540465128990,"mc":[{"id":"1.150067014","rc":[{"ltp":1.87,"id":2309522}]}]}
{"op":"mcm","clk":"7740170148","pt":1540465198593,"mc":[{"id":"1.150067014","rc":[{"ltp":2.16,"id":6324464}]}]}
{"op":"mcm","clk":"7740177877","pt":1540465307930,"mc":[{"id":"1.150067014","rc":[{"ltp":1.85,"id":2309522},{"ltp":2.18,"id":6324464}]}]}
{"op":"mcm","clk":"7740184980","pt":1540465436157,"mc":[{"id":"1.150067014","rc":[{"ltp":1.86,"id":2309522}]}]}
{"op":"mcm","clk":"7740190654","pt":1540465558772,"mc":[{"id":"1.150067014","rc":[{"ltp":2.16,"id":6324464}]}]}
{"op":"mcm","clk":"7740193344","pt":1540465610663,"mc":[{"id":"1.150067014","rc":[{"ltp":1.85,"id":2309522}]}]}
{"op":"mcm","clk":"7740208421","pt":1540465654151,"mc":[{"id":"1.150067014","rc":[{"ltp":1.86,"id":2309522},{"ltp":2.18,"id":6324464}]}]}
{"op":"mcm","clk":"7740212916","pt":1540465739051,"mc":[{"id":"1.150067014","rc":[{"ltp":1.84,"id":2309522},{"ltp":2.2,"id":6324464}]}]}
{"op":"mcm","clk":"7740215838","pt":1540465799515,"mc":[{"id":"1.150067014","rc":[{"ltp":2.16,"id":6324464}]}]}
{"op":"mcm","clk":"7740218935","pt":1540465858749,"mc":[{"id":"1.150067014","rc":[{"ltp":2.2,"id":6324464}]}]}
{"op":"mcm","clk":"7740222594","pt":1540465919523,"mc":[{"id":"1.150067014","rc":[{"ltp":1.83,"id":2309522}]}]}
{"op":"mcm","clk":"7740233596","pt":1540466076549,"mc":[{"id":"1.150067014","rc":[{"ltp":2.22,"id":6324464}]}]}
{"op":"mcm","clk":"7740244025","pt":1540466218765,"mc":[{"id":"1.150067014","rc":[{"ltp":1.84,"id":2309522}]}]}
{"op":"mcm","clk":"7740252535","pt":1540466339350,"mc":[{"id":"1.150067014","rc":[{"ltp":1.83,"id":2309522},{"ltp":2.2,"id":6324464}]}]}
{"op":"mcm","clk":"7740256417","pt":1540466394110,"mc":[{"id":"1.150067014","rc":[{"ltp":1.84,"id":2309522},{"ltp":2.18,"id":6324464}]}]}
{"op":"mcm","clk":"7740259800","pt":1540466457403,"mc":[{"id":"1.150067014","rc":[{"ltp":1.83,"id":2309522},{"ltp":2.2,"id":6324464}]}]}
{"op":"mcm","clk":"7740262884","pt":1540466517170,"mc":[{"id":"1.150067014","rc":[{"ltp":1.84,"id":2309522},{"ltp":2.18,"id":6324464}]}]}
{"op":"mcm","clk":"7740278788","pt":1540466577378,"mc":[{"id":"1.150067014","rc":[{"ltp":2.2,"id":6324464}]}]}
{"op":"mcm","clk":"7740282313","pt":1540466636803,"mc":[{"id":"1.150067014","marketDefinition":{"bspMarket":false,"turnInPlayEnabled":true,"persistenceEnabled":true,"marketBaseRate":5.0,"eventId":"28972033","eventTypeId":"2","numberOfWinners":1,"bettingType":"ODDS","marketType":"MATCH_ODDS","marketTime":"2018-10-25T11:19:00.000Z","suspendTime":"2018-10-25T11:19:00.000Z","bspReconciled":false,"complete":true,"inPlay":false,"crossMatching":true,"runnersVoidable":false,"numberOfActiveRunners":2,"betDelay":0,"status":"OPEN","runners":[{"status":"ACTIVE","sortPriority":1,"id":2309522,"name":"Caroline Wozniacki"},{"status":"ACTIVE","sortPriority":2,"id":6324464,"name":"Elina Svitolina"}],"regulators":["MR_INT"],"countryCode":"SG","discountAllowed":true,"timezone":"UTC","openDate":"2018-10-25T11:19:00.000Z","version":2474822926,"name":"Match Odds","eventName":"Wozniacki v Svitolina"},"rc":[{"ltp":2.18,"id":6324464}]}]}
{"op":"mcm","clk":"7740285852","pt":1540466698389,"mc":[{"id":"1.150067014","rc":[{"ltp":1.83,"id":2309522},{"ltp":2.2,"id":6324464}]}]}
{"op":"mcm","clk":"7740289103","pt":1540466754293,"mc":[{"id":"1.150067014","rc":[{"ltp":2.22,"id":6324464}]}]}
{"op":"mcm","clk":"7740292968","pt":1540466819381,"mc":[{"id":"1.150067014","rc":[{"ltp":2.2,"id":6324464}]}]}
{"op":"mcm","clk":"7740308788","pt":1540467055607,"mc":[{"id":"1.150067014","rc":[{"ltp":1.82,"id":2309522}]}]}
{"op":"mcm","clk":"7740312414","pt":1540467118194,"mc":[{"id":"1.150067014","rc":[{"ltp":1.83,"id":2309522}]}]}
{"op":"mcm","clk":"7740319146","pt":1540467235538,"mc":[{"id":"1.150067014","rc":[{"ltp":1.84,"id":2309522},{"ltp":2.18,"id":6324464}]}]}
{"op":"mcm","clk":"7740322275","pt":1540467295888,"mc":[{"id":"1.150067014","rc":[{"ltp":1.83,"id":2309522}]}]}
{"op":"mcm","clk":"7740324807","pt":1540467358370,"mc":[{"id":"1.150067014","rc":[{"ltp":1.84,"id":2309522}]}]}
{"op":"mcm","clk":"7740327617","pt":1540467419497,"mc":[{"id":"1.150067014","rc":[{"ltp":1.83,"id":2309522},{"ltp":2.2,"id":6324464}]}]}
{"op":"mcm","clk":"7740343119","pt":1540467474830,"mc":[{"id":"1.150067014","rc":[{"ltp":1.85,"id":2309522},{"ltp":2.18,"id":6324464}]}]}
{"op":"mcm","clk":"7740346005","pt":1540467539062,"mc":[{"id":"1.150067014","rc":[{"ltp":1.84,"id":2309522},{"ltp":2.16,"id":6324464}]}]}
{"op":"mcm","clk":"7740349145","pt":1540467598869,"mc":[{"id":"1.150067014","rc":[{"ltp":1.86,"id":2309522},{"ltp":2.14,"id":6324464}]}]}
{"op":"mcm","clk":"7740352467","pt":1540467657771,"mc":[{"id":"1.150067014","rc":[{"ltp":1.84,"id":2309522},{"ltp":2.18,"id":6324464}]}]}
{"op":"mcm","clk":"7740356094","pt":1540467718991,"mc":[{"id":"1.150067014","rc":[{"ltp":1.82,"id":2309522},{"ltp":2.22,"id":6324464}]}]}
{"op":"mcm","clk":"7740359030","pt":1540467777320,"mc":[{"id":"1.150067014","marketDefinition":{"bspMarket":false,"turnInPlayEnabled":true,"persistenceEnabled":true,"marketBaseRate":5.0,"eventId":"28972033","eventTypeId":"2","numberOfWinners":1,"bettingType":"ODDS","marketType":"MATCH_ODDS","marketTime":"2018-10-25T11:19:00.000Z","suspendTime":"2018-10-25T11:19:00.000Z","bspReconciled":false,"complete":true,"inPlay":true,"crossMatching":true,"runnersVoidable":false,"numberOfActiveRunners":2,"betDelay":5,"status":"OPEN","runners":[{"status":"ACTIVE","sortPriority":1,"id":2309522,"name":"Caroline Wozniacki"},{"status":"ACTIVE","sortPriority":2,"id":6324464,"name":"Elina Svitolina"}],"regulators":["MR_INT"],"countryCode":"SG","discountAllowed":true,"timezone":"UTC","openDate":"2018-10-25T11:19:00.000Z","version":2474849275,"name":"Match Odds","eventName":"Wozniacki v Svitolina"},"rc":[{"ltp":1.87,"id":2309522}]}]}
{"op":"mcm","clk":"7740362681","pt":1540467839497,"mc":[{"id":"1.150067014","rc":[{"ltp":1.78,"id":2309522},{"ltp":2.28,"id":6324464}]}]}
{"op":"mcm","clk":"7740366743","pt":1540467899473,"mc":[{"id":"1.150067014","rc":[{"ltp":1.59,"id":2309522},{"ltp":2.72,"id":6324464}]}]}
{"op":"mcm","clk":"7740370877","pt":1540467959449,"mc":[{"id":"1.150067014","rc":[{"ltp":1.68,"id":2309522},{"ltp":2.44,"id":6324464}]}]}
{"op":"mcm","clk":"7740375032","pt":1540468019379,"mc":[{"id":"1.150067014","rc":[{"ltp":1.89,"id":2309522},{"ltp":2.12,"id":6324464}]}]}
{"op":"mcm","clk":"7740379434","pt":1540468079198,"mc":[{"id":"1.150067014","rc":[{"ltp":2.02,"id":2309522},{"ltp":2.0,"id":6324464}]}]}
{"op":"mcm","clk":"7740382884","pt":1540468138965,"mc":[{"id":"1.150067014","rc":[{"ltp":2.04,"id":2309522},{"ltp":1.97,"id":6324464}]}]}
{"op":"mcm","clk":"7740385958","pt":1540468197571,"mc":[{"id":"1.150067014","rc":[{"ltp":1.91,"id":2309522},{"ltp":2.1,"id":6324464}]}]}
{"op":"mcm","clk":"7740389407","pt":1540468259451,"mc":[{"id":"1.150067014","rc":[{"ltp":1.9,"id":2309522}]}]}
{"op":"mcm","clk":"7740392842","pt":1540468319548,"mc":[{"id":"1.150067014","rc":[{"ltp":1.83,"id":2309522},{"ltp":2.22,"id":6324464}]}]}
{"op":"mcm","clk":"7740408950","pt":1540468379252,"mc":[{"id":"1.150067014","rc":[{"ltp":1.68,"id":2309522},{"ltp":2.36,"id":6324464}]}]}
{"op":"mcm","clk":"7740412327","pt":1540468439481,"mc":[{"id":"1.150067014","rc":[{"ltp":1.53,"id":2309522},{"ltp":2.84,"id":6324464}]}]}
{"op":"mcm","clk":"7740415747","pt":1540468499370,"mc":[{"id":"1.150067014","rc":[{"ltp":1.52,"id":2309522},{"ltp":2.98,"id":6324464}]}]}
{"op":"mcm","clk":"7740419356","pt":1540468559522,"mc":[{"id":"1.150067014","rc":[{"ltp":1.53,"id":2309522},{"ltp":2.9,"id":6324464}]}]}
{"op":"mcm","clk":"7740423280","pt":1540468619354,"mc":[{"id":"1.150067014","rc":[{"ltp":1.48,"id":2309522},{"ltp":3.1,"id":6324464}]}]}
{"op":"mcm","clk":"7740427174","pt":1540468679512,"mc":[{"id":"1.150067014","rc":[{"ltp":1.49,"id":2309522},{"ltp":3.0,"id":6324464}]}]}
{"op":"mcm","clk":"7740431637","pt":1540468739424,"mc":[{"id":"1.150067014","rc":[{"ltp":1.57,"id":2309522},{"ltp":2.76,"id":6324464}]}]}
{"op":"mcm","clk":"7740436092","pt":1540468799409,"mc":[{"id":"1.150067014","rc":[{"ltp":1.49,"id":2309522},{"ltp":3.0,"id":6324464}]}]}
{"op":"mcm","clk":"7740441117","pt":1540468859069,"mc":[{"id":"1.150067014","rc":[{"ltp":1.42,"id":2309522},{"ltp":3.35,"id":6324464}]}]}
{"op":"mcm","clk":"7740445991","pt":1540468919518,"mc":[{"id":"1.150067014","rc":[{"ltp":3.6,"id":6324464}]}]}
{"op":"mcm","clk":"7740450303","pt":1540468979207,"mc":[{"id":"1.150067014","rc":[{"ltp":1.37,"id":2309522},{"ltp":3.7,"id":6324464}]}]}
{"op":"mcm","clk":"7740454632","pt":1540469039337,"mc":[{"id":"1.150067014","rc":[{"ltp":1.41,"id":2309522},{"ltp":3.5,"id":6324464}]}]}
{"op":"mcm","clk":"7740458772","pt":1540469099453,"mc":[{"id":"1.150067014","rc":[{"ltp":1.52,"id":2309522},{"ltp":2.94,"id":6324464}]}]}
{"op":"mcm","clk":"7740462282","pt":1540469159090,"mc":[{"id":"1.150067014","rc":[{"ltp":1.54,"id":2309522},{"ltp":2.8,"id":6324464}]}]}
{"op":"mcm","clk":"7740466023","pt":1540469219436,"mc":[{"id":"1.150067014","rc":[{"ltp":1.55,"id":2309522}]}]}
{"op":"mcm","clk":"7740482609","pt":1540469278897,"mc":[{"id":"1.150067014","rc":[{"ltp":1.47,"id":2309522},{"ltp":3.05,"id":6324464}]}]}
{"op":"mcm","clk":"7740486477","pt":1540469338518,"mc":[{"id":"1.150067014","rc":[{"ltp":1.49,"id":2309522},{"ltp":3.1,"id":6324464}]}]}
{"op":"mcm","clk":"7740490021","pt":1540469399430,"mc":[{"id":"1.150067014","rc":[{"ltp":1.42,"id":2309522},{"ltp":3.3,"id":6324464}]}]}
{"op":"mcm","clk":"7740493562","pt":1540469458859,"mc":[{"id":"1.150067014","rc":[{"ltp":3.35,"id":6324464}]}]}
{"op":"mcm","clk":"7740497274","pt":1540469519522,"mc":[{"id":"1.150067014","rc":[{"ltp":1.41,"id":2309522}]}]}
{"op":"mcm","clk":"7740500904","pt":1540469578803,"mc":[{"id":"1.150067014","rc":[{"ltp":1.42,"id":2309522},{"ltp":3.05,"id":6324464}]}]}
{"op":"mcm","clk":"7740504546","pt":1540469639139,"mc":[{"id":"1.150067014","rc":[{"ltp":1.47,"id":2309522},{"ltp":3.15,"id":6324464}]}]}
{"op":"mcm","clk":"7740508472","pt":1540469699490,"mc":[{"id":"1.150067014","rc":[{"ltp":1.53,"id":2309522},{"ltp":2.84,"id":6324464}]}]}
{"op":"mcm","clk":"7740512681","pt":1540469759236,"mc":[{"id":"1.150067014","rc":[{"ltp":2.9,"id":6324464}]}]}
{"op":"mcm","clk":"7740516924","pt":1540469819418,"mc":[{"id":"1.150067014","rc":[{"ltp":1.63,"id":2309522},{"ltp":2.56,"id":6324464}]}]}
{"op":"mcm","clk":"7740520284","pt":1540469879487,"mc":[{"id":"1.150067014","rc":[{"ltp":1.48,"id":2309522},{"ltp":3.1,"id":6324464}]}]}
{"op":"mcm","clk":"7740523775","pt":1540469939534,"mc":[{"id":"1.150067014","rc":[{"ltp":1.41,"id":2309522},{"ltp":3.35,"id":6324464}]}]}
{"op":"mcm","clk":"7740527184","pt":1540469999245,"mc":[{"id":"1.150067014","rc":[{"ltp":1.56,"id":2309522},{"ltp":2.82,"id":6324464}]}]}
{"op":"mcm","clk":"7740530285","pt":1540470059478,"mc":[{"id":"1.150067014","rc":[{"ltp":1.71,"id":2309522},{"ltp":2.54,"id":6324464}]}]}
{"op":"mcm","clk":"7740533458","pt":1540470119522,"mc":[{"id":"1.150067014","rc":[{"ltp":1.96,"id":2309522},{"ltp":2.04,"id":6324464}]}]}
{"op":"mcm","clk":"7740549435","pt":1540470179532,"mc":[{"id":"1.150067014","rc":[{"ltp":2.24,"id":2309522},{"ltp":1.8,"id":6324464}]}]}
{"op":"mcm","clk":"7740552811","pt":1540470239529,"mc":[{"id":"1.150067014","rc":[{"ltp":2.28,"id":2309522},{"ltp":1.76,"id":6324464}]}]}
{"op":"mcm","clk":"7740556099","pt":1540470299352,"mc":[{"id":"1.150067014","rc":[{"ltp":2.36,"id":2309522},{"ltp":1.74,"id":6324464}]}]}
{"op":"mcm","clk":"7740559335","pt":1540470359518,"mc":[{"id":"1.150067014","rc":[{"ltp":1.73,"id":6324464}]}]}
{"op":"mcm","clk":"7740562604","pt":1540470419529,"mc":[{"id":"1.150067014","rc":[{"ltp":2.32,"id":2309522},{"ltp":1.75,"id":6324464}]}]}
{"op":"mcm","clk":"7740565742","pt":1540470479508,"mc":[{"id":"1.150067014","rc":[{"ltp":2.42,"id":2309522},{"ltp":1.72,"id":6324464}]}]}
{"op":"mcm","clk":"7740569241","pt":1540470539459,"mc":[{"id":"1.150067014","rc":[{"ltp":2.02,"id":2309522},{"ltp":2.0,"id":6324464}]}]}
{"op":"mcm","clk":"7740573283","pt":1540470599523,"mc":[{"id":"1.150067014","rc":[{"ltp":1.87,"id":2309522},{"ltp":2.14,"id":6324464}]}]}
{"op":"mcm","clk":"7740577855","pt":1540470658930,"mc":[{"id":"1.150067014","rc":[{"ltp":2.02,"id":2309522},{"ltp":1.99,"id":6324464}]}]}
{"op":"mcm","clk":"7740582126","pt":1540470719510,"mc":[{"id":"1.150067014","rc":[{"ltp":1.68,"id":2309522},{"ltp":2.2,"id":6324464}]}]}
{"op":"mcm","clk":"7740586380","pt":1540470779430,"mc":[{"id":"1.150067014","rc":[{"ltp":1.65,"id":2309522},{"ltp":2.54,"id":6324464}]}]}
{"op":"mcm","clk":"7740590280","pt":1540470839468,"mc":[{"id":"1.150067014","rc":[{"ltp":1.6,"id":2309522},{"ltp":2.62,"id":6324464}]}]}
{"op":"mcm","clk":"7740593856","pt":1540470899401,"mc":[{"id":"1.150067014","rc":[{"ltp":1.44,"id":2309522},{"ltp":3.25,"id":6324464}]}]}
{"op":"mcm","clk":"7740597275","pt":1540470959539,"mc":[{"id":"1.150067014","rc":[{"ltp":3.3,"id":6324464}]}]}
{"op":"mcm","clk":"7740600947","pt":1540471019328,"mc":[{"id":"1.150067014","rc":[{"ltp":1.46,"id":2309522},{"ltp":3.15,"id":6324464}]}]}
{"op":"mcm","clk":"7740617805","pt":1540471079497,"mc":[{"id":"1.150067014","rc":[{"ltp":1.47,"id":2309522},{"ltp":2.86,"id":6324464}]}]}
{"op":"mcm","clk":"7740622101","pt":1540471139392,"mc":[{"id":"1.150067014","rc":[{"ltp":1.39,"id":2309522},{"ltp":3.55,"id":6324464}]}]}
{"op":"mcm","clk":"7740626322","pt":1540471199527,"mc":[{"id":"1.150067014","rc":[{"ltp":1.28,"id":2309522},{"ltp":4.5,"id":6324464}]}]}
{"op":"mcm","clk":"7740630743","pt":1540471259480,"mc":[{"id":"1.150067014","rc":[{"ltp":1.29,"id":2309522},{"ltp":4.6,"id":6324464}]}]}
{"op":"mcm","clk":"7740634547","pt":1540471319415,"mc":[{"id":"1.150067014","rc":[{"ltp":4.4,"id":6324464}]}]}
{"op":"mcm","clk":"7740638499","pt":1540471379110,"mc":[{"id":"1.150067014","rc":[{"ltp":1.28,"id":2309522},{"ltp":4.5,"id":6324464}]}]}
{"op":"mcm","clk":"7740642288","pt":1540471439459,"mc":[{"id":"1.150067014","rc":[{"ltp":1.39,"id":2309522},{"ltp":3.6,"id":6324464}]}]}
{"op":"mcm","clk":"7740646131","pt":1540471499525,"mc":[{"id":"1.150067014","rc":[{"ltp":1.36,"id":2309522},{"ltp":3.55,"id":6324464}]}]}
{"op":"mcm","clk":"7740650156","pt":1540471559353,"mc":[{"id":"1.150067014","rc":[{"ltp":1.31,"id":2309522},{"ltp":4.1,"id":6324464}]}]}
{"op":"mcm","clk":"7740654138","pt":1540471618651,"mc":[{"id":"1.150067014","rc":[{"ltp":1.35,"id":2309522},{"ltp":3.75,"id":6324464}]}]}
{"op":"mcm","clk":"7740658549","pt":1540471679431,"mc":[{"id":"1.150067014","rc":[{"ltp":1.3,"id":2309522},{"ltp":4.3,"id":6324464}]}]}
{"op":"mcm","clk":"7740663192","pt":1540471739131,"mc":[{"id":"1.150067014","rc":[{"ltp":1.26,"id":2309522},{"ltp":4.9,"id":6324464}]}]}
{"op":"mcm","clk":"7740667464","pt":1540471799462,"mc":[{"id":"1.150067014","rc":[{"ltp":1.24,"id":2309522},{"ltp":5.2,"id":6324464}]}]}
{"op":"mcm","clk":"7740671372","pt":1540471859455,"mc":[{"id":"1.150067014","rc":[{"ltp":1.15,"id":2309522},{"ltp":7.2,"id":6324464}]}]}
{"op":"mcm","clk":"7740675231","pt":1540471919467,"mc":[{"id":"1.150067014","rc":[{"ltp":1.16,"id":2309522},{"ltp":7.6,"id":6324464}]}]}
{"op":"mcm","clk":"7740691653","pt":1540471979523,"mc":[{"id":"1.150067014","rc":[{"ltp":7.4,"id":6324464}]}]}
{"op":"mcm","clk":"7740695375","pt":1540472039446,"mc":[{"id":"1.150067014","rc":[{"ltp":1.13,"id":2309522},{"ltp":8.4,"id":6324464}]}]}
{"op":"mcm","clk":"7740699500","pt":1540472099325,"mc":[{"id":"1.150067014","rc":[{"ltp":9.6,"id":6324464}]}]}
{"op":"mcm","clk":"7740703461","pt":1540472159106,"mc":[{"id":"1.150067014","rc":[{"ltp":1.16,"id":2309522},{"ltp":7.2,"id":6324464}]}]}
{"op":"mcm","clk":"7740707462","pt":1540472218717,"mc":[{"id":"1.150067014","rc":[{"ltp":1.23,"id":2309522},{"ltp":5.4,"id":6324464}]}]}
{"op":"mcm","clk":"7740712084","pt":1540472279192,"mc":[{"id":"1.150067014","rc":[{"ltp":1.3,"id":2309522},{"ltp":4.3,"id":6324464}]}]}
{"op":"mcm","clk":"7740716433","pt":1540472338987,"mc":[{"id":"1.150067014","rc":[{"ltp":1.26,"id":2309522},{"ltp":4.8,"id":6324464}]}]}
{"op":"mcm","clk":"7740721246","pt":1540472399133,"mc":[{"id":"1.150067014","rc":[{"ltp":1.29,"id":2309522},{"ltp":4.3,"id":6324464}]}]}
{"op":"mcm","clk":"7740727027","pt":1540472459491,"mc":[{"id":"1.150067014","rc":[{"ltp":4.5,"id":6324464}]}]}
{"op":"mcm","clk":"7740733202","pt":1540472519540,"mc":[{"id":"1.150067014","rc":[{"ltp":1.43,"id":2309522},{"ltp":3.4,"id":6324464}]}]}
{"op":"mcm","clk":"7740739856","pt":1540472579375,"mc":[{"id":"1.150067014","rc":[{"ltp":3.35,"id":6324464}]}]}
{"op":"mcm","clk":"7740745944","pt":1540472639364,"mc":[{"id":"1.150067014","rc":[{"ltp":3.3,"id":6324464}]}]}
{"op":"mcm","clk":"7740753082","pt":1540472699192,"mc":[{"id":"1.150067014","rc":[{"ltp":1.44,"id":2309522},{"ltp":3.25,"id":6324464}]}]}
{"op":"mcm","clk":"7740759994","pt":1540472759487,"mc":[{"id":"1.150067014","rc":[{"ltp":1.32,"id":2309522},{"ltp":4.0,"id":6324464}]}]}
{"op":"mcm","clk":"7740767051","pt":1540472819168,"mc":[{"id":"1.150067014","rc":[{"ltp":1.37,"id":2309522},{"ltp":3.7,"id":6324464}]}]}
{"op":"mcm","clk":"7740786962","pt":1540472879540,"mc":[{"id":"1.150067014","rc":[{"ltp":1.31,"id":2309522},{"ltp":4.4,"id":6324464}]}]}
{"op":"mcm","clk":"7740792819","pt":1540472939231,"mc":[{"id":"1.150067014","rc":[{"ltp":1.35,"id":2309522},{"ltp":3.85,"id":6324464}]}]}
{"op":"mcm","clk":"7740798096","pt":1540472998857,"mc":[{"id":"1.150067014","rc":[{"ltp":1.47,"id":2309522},{"ltp":3.15,"id":6324464}]}]}
{"op":"mcm","clk":"7740803543","pt":1540473059302,"mc":[{"id":"1.150067014","rc":[{"ltp":1.48,"id":2309522},{"ltp":3.05,"id":6324464}]}]}
{"op":"mcm","clk":"7740808336","pt":1540473119379,"mc":[{"id":"1.150067014","rc":[{"ltp":1.49,"id":2309522},{"ltp":3.0,"id":6324464}]}]}
{"op":"mcm","clk":"7740812819","pt":1540473179538,"mc":[{"id":"1.150067014","rc":[{"ltp":1.39,"id":2309522},{"ltp":3.55,"id":6324464}]}]}
{"op":"mcm","clk":"7740817235","pt":1540473239385,"mc":[{"id":"1.150067014","rc":[{"ltp":1.43,"id":2309522},{"ltp":3.3,"id":6324464}]}]}
{"op":"mcm","clk":"7740822190","pt":1540473299482,"mc":[{"id":"1.150067014","rc":[{"ltp":1.42,"id":2309522},{"ltp":3.35,"id":6324464}]}]}
{"op":"mcm","clk":"7740826999","pt":1540473359527,"mc":[{"id":"1.150067014","rc":[{"ltp":1.36,"id":2309522},{"ltp":3.75,"id":6324464}]}]}
{"op":"mcm","clk":"7740831891","pt":1540473418883,"mc":[{"id":"1.150067014","rc":[{"ltp":1.42,"id":2309522},{"ltp":3.35,"id":6324464}]}]}
{"op":"mcm","clk":"7740836900","pt":1540473478897,"mc":[{"id":"1.150067014","rc":[{"ltp":3.4,"id":6324464}]}]}
{"op":"mcm","clk":"7740841612","pt":1540473539512,"mc":[{"id":"1.150067014","rc":[{"ltp":1.55,"id":2309522},{"ltp":2.8,"id":6324464}]}]}
{"op":"mcm","clk":"7740845946","pt":1540473599546,"mc":[{"id":"1.150067014","rc":[{"ltp":1.57,"id":2309522},{"ltp":2.76,"id":6324464}]}]}
{"op":"mcm","clk":"7740850463","pt":1540473659410,"mc":[{"id":"1.150067014","rc":[{"ltp":1.49,"id":2309522},{"ltp":3.1,"id":6324464}]}]}
{"op":"mcm","clk":"7740855512","pt":1540473719340,"mc":[{"id":"1.150067014","rc":[{"ltp":1.4,"id":2309522},{"ltp":3.5,"id":6324464}]}]}
{"op":"mcm","clk":"7740873816","pt":1540473779000,"mc":[{"id":"1.150067014","rc":[{"ltp":1.39,"id":2309522}]}]}
{"op":"mcm","clk":"7740878792","pt":1540473839453,"mc":[{"id":"1.150067014","rc":[{"ltp":1.41,"id":2309522},{"ltp":3.35,"id":6324464}]}]}
{"op":"mcm","clk":"7740884022","pt":1540473899394,"mc":[{"id":"1.150067014","rc":[{"ltp":1.34,"id":2309522},{"ltp":3.75,"id":6324464}]}]}
{"op":"mcm","clk":"7740888914","pt":1540473959267,"mc":[{"id":"1.150067014","rc":[{"ltp":1.48,"id":2309522},{"ltp":3.15,"id":6324464}]}]}
{"op":"mcm","clk":"7740893749","pt":1540474019280,"mc":[{"id":"1.150067014","rc":[{"ltp":1.53,"id":2309522},{"ltp":2.88,"id":6324464}]}]}
{"op":"mcm","clk":"7740898415","pt":1540474079081,"mc":[{"id":"1.150067014","rc":[{"ltp":2.86,"id":6324464}]}]}
{"op":"mcm","clk":"7740903046","pt":1540474139505,"mc":[{"id":"1.150067014","rc":[{"ltp":1.45,"id":2309522},{"ltp":3.2,"id":6324464}]}]}
{"op":"mcm","clk":"7740907406","pt":1540474199539,"mc":[{"id":"1.150067014","rc":[{"ltp":1.71,"id":2309522},{"ltp":2.34,"id":6324464}]}]}
{"op":"mcm","clk":"7740912093","pt":1540474259486,"mc":[{"id":"1.150067014","rc":[{"ltp":1.81,"id":2309522},{"ltp":2.24,"id":6324464}]}]}
{"op":"mcm","clk":"7740916634","pt":1540474319332,"mc":[{"id":"1.150067014","rc":[{"ltp":1.59,"id":2309522},{"ltp":2.66,"id":6324464}]}]}
{"op":"mcm","clk":"7740921593","pt":1540474379506,"mc":[{"id":"1.150067014","rc":[{"ltp":1.46,"id":2309522},{"ltp":3.15,"id":6324464}]}]}
{"op":"mcm","clk":"7740926536","pt":1540474439294,"mc":[{"id":"1.150067014","rc":[{"ltp":1.63,"id":2309522},{"ltp":2.6,"id":6324464}]}]}
{"op":"mcm","clk":"7740931921","pt":1540474499544,"mc":[{"id":"1.150067014","rc":[{"ltp":1.64,"id":2309522},{"ltp":2.62,"id":6324464}]}]}
{"op":"mcm","clk":"7740937486","pt":1540474559338,"mc":[{"id":"1.150067014","rc":[{"ltp":1.47,"id":2309522},{"ltp":3.1,"id":6324464}]}]}
{"op":"mcm","clk":"7740943474","pt":1540474619530,"mc":[{"id":"1.150067014","rc":[{"ltp":1.86,"id":2309522},{"ltp":2.14,"id":6324464}]}]}
{"op":"mcm","clk":"7740961915","pt":1540474679458,"mc":[{"id":"1.150067014","rc":[{"ltp":2.16,"id":6324464}]}]}
{"op":"mcm","clk":"7740967582","pt":1540474739544,"mc":[{"id":"1.150067014","rc":[{"ltp":2.22,"id":2309522},{"ltp":1.82,"id":6324464}]}]}
{"op":"mcm","clk":"7740973309","pt":1540474799343,"mc":[{"id":"1.150067014","rc":[{"ltp":2.16,"id":2309522},{"ltp":1.86,"id":6324464}]}]}
{"op":"mcm","clk":"7740979474","pt":1540474859545,"mc":[{"id":"1.150067014","rc":[{"ltp":2.14,"id":2309522},{"ltp":1.87,"id":6324464}]}]}
{"op":"mcm","clk":"7740985196","pt":1540474919547,"mc":[{"id":"1.150067014","rc":[{"ltp":2.18,"id":2309522},{"ltp":1.85,"id":6324464}]}]}
{"op":"mcm","clk":"7740990072","pt":1540474979519,"mc":[{"id":"1.150067014","rc":[{"ltp":1.97,"id":2309522},{"ltp":2.04,"id":6324464}]}]}
{"op":"mcm","clk":"7740995286","pt":1540475039402,"mc":[{"id":"1.150067014","rc":[{"ltp":2.52,"id":2309522},{"ltp":1.64,"id":6324464}]}]}
{"op":"mcm","clk":"7741000561","pt":1540475099381,"mc":[{"id":"1.150067014","rc":[{"ltp":2.68,"id":2309522},{"ltp":1.58,"id":6324464}]}]}
{"op":"mcm","clk":"7741005756","pt":1540475159544,"mc":[{"id":"1.150067014","rc":[{"ltp":2.46,"id":2309522},{"ltp":1.76,"id":6324464}]}]}
{"op":"mcm","clk":"7741010865","pt":1540475219453,"mc":[{"id":"1.150067014","rc":[{"ltp":2.16,"id":2309522},{"ltp":1.84,"id":6324464}]}]}
{"op":"mcm","clk":"7741015597","pt":1540475279406,"mc":[{"id":"1.150067014","rc":[{"ltp":1.93,"id":2309522},{"ltp":2.06,"id":6324464}]}]}
{"op":"mcm","clk":"7741019942","pt":1540475339379,"mc":[{"id":"1.150067014","rc":[{"ltp":2.28,"id":2309522},{"ltp":1.79,"id":6324464}]}]}
{"op":"mcm","clk":"7741024020","pt":1540475399294,"mc":[{"id":"1.150067014","rc":[{"ltp":2.26,"id":2309522}]}]}
{"op":"mcm","clk":"7741028598","pt":1540475459459,"mc":[{"id":"1.150067014","rc":[{"ltp":2.56,"id":2309522},{"ltp":1.65,"id":6324464}]}]}
{"op":"mcm","clk":"7741032779","pt":1540475519333,"mc":[{"id":"1.150067014","rc":[{"ltp":2.52,"id":2309522}]}]}
{"op":"mcm","clk":"7741049450","pt":1540475579326,"mc":[{"id":"1.150067014","rc":[{"ltp":2.36,"id":2309522},{"ltp":1.73,"id":6324464}]}]}
{"op":"mcm","clk":"7741053671","pt":1540475639263,"mc":[{"id":"1.150067014","rc":[{"ltp":2.08,"id":2309522},{"ltp":1.93,"id":6324464}]}]}
{"op":"mcm","clk":"7741057813","pt":1540475699400,"mc":[{"id":"1.150067014","rc":[{"ltp":2.02,"id":2309522},{"ltp":1.98,"id":6324464}]}]}
{"op":"mcm","clk":"7741062586","pt":1540475759530,"mc":[{"id":"1.150067014","rc":[{"ltp":2.0,"id":2309522},{"ltp":2.0,"id":6324464}]}]}
{"op":"mcm","clk":"7741067587","pt":1540475819190,"mc":[{"id":"1.150067014","rc":[{"ltp":2.4,"id":2309522},{"ltp":1.71,"id":6324464}]}]}
{"op":"mcm","clk":"7741073048","pt":1540475879217,"mc":[{"id":"1.150067014","rc":[{"ltp":2.58,"id":2309522},{"ltp":1.64,"id":6324464}]}]}
{"op":"mcm","clk":"7741079774","pt":1540475939440,"mc":[{"id":"1.150067014","rc":[{"ltp":1.63,"id":6324464}]}]}
{"op":"mcm","clk":"7741085864","pt":1540475999269,"mc":[{"id":"1.150067014","rc":[{"ltp":2.32,"id":2309522},{"ltp":1.74,"id":6324464}]}]}
{"op":"mcm","clk":"7741091980","pt":1540476059053,"mc":[{"id":"1.150067014","rc":[{"ltp":2.14,"id":2309522},{"ltp":1.86,"id":6324464}]}]}
{"op":"mcm","clk":"7741098465","pt":1540476119532,"mc":[{"id":"1.150067014","rc":[{"ltp":2.28,"id":2309522},{"ltp":1.78,"id":6324464}]}]}
{"op":"mcm","clk":"7741104132","pt":1540476179398,"mc":[{"id":"1.150067014","rc":[{"ltp":1.81,"id":2309522},{"ltp":2.24,"id":6324464}]}]}
{"op":"mcm","clk":"7741109904","pt":1540476239348,"mc":[{"id":"1.150067014","rc":[{"ltp":1.97,"id":2309522},{"ltp":2.04,"id":6324464}]}]}
{"op":"mcm","clk":"7741121274","pt":1540476359288,"mc":[{"id":"1.150067014","rc":[{"ltp":2.66,"id":2309522},{"ltp":1.6,"id":6324464}]}]}
{"op":"mcm","clk":"7741127086","pt":1540476419234,"mc":[{"id":"1.150067014","rc":[{"ltp":2.68,"id":2309522}]}]}
{"op":"mcm","clk":"7741145232","pt":1540476479492,"mc":[{"id":"1.150067014","rc":[{"ltp":1.59,"id":6324464}]}]}
{"op":"mcm","clk":"7741150350","pt":1540476539487,"mc":[{"id":"1.150067014","rc":[{"ltp":3.55,"id":2309522},{"ltp":1.39,"id":6324464}]}]}
{"op":"mcm","clk":"7741155652","pt":1540476599297,"mc":[{"id":"1.150067014","rc":[{"ltp":5.5,"id":2309522},{"ltp":1.31,"id":6324464}]}]}
{"op":"mcm","clk":"7741161801","pt":1540476659537,"mc":[{"id":"1.150067014","rc":[{"ltp":9.4,"id":2309522},{"ltp":1.12,"id":6324464}]}]}
{"op":"mcm","clk":"7741167034","pt":1540476719088,"mc":[{"id":"1.150067014","rc":[{"ltp":5.6,"id":2309522},{"ltp":1.21,"id":6324464}]}]}
{"op":"mcm","clk":"7741172850","pt":1540476779481,"mc":[{"id":"1.150067014","rc":[{"ltp":3.3,"id":2309522},{"ltp":1.43,"id":6324464}]}]}
{"op":"mcm","clk":"7741178639","pt":1540476839549,"mc":[{"id":"1.150067014","rc":[{"ltp":4.8,"id":2309522},{"ltp":1.28,"id":6324464}]}]}
{"op":"mcm","clk":"7741185034","pt":1540476899480,"mc":[{"id":"1.150067014","rc":[{"ltp":8.0,"id":2309522},{"ltp":1.15,"id":6324464}]}]}
{"op":"mcm","clk":"7741191600","pt":1540476959544,"mc":[{"id":"1.150067014","rc":[{"ltp":8.6,"id":2309522},{"ltp":1.14,"id":6324464}]}]}
{"op":"mcm","clk":"7741197827","pt":1540477019494,"mc":[{"id":"1.150067014","rc":[{"ltp":4.8,"id":2309522},{"ltp":1.15,"id":6324464}]}]}
{"op":"mcm","clk":"7741203606","pt":1540477079503,"mc":[{"id":"1.150067014","rc":[{"ltp":16.5,"id":2309522},{"ltp":1.07,"id":6324464}]}]}
{"op":"mcm","clk":"7741208153","pt":1540477122444,"mc":[{"id":"1.150067014","marketDefinition":{"bspMarket":false,"turnInPlayEnabled":true,"persistenceEnabled":true,"marketBaseRate":5.0,"eventId":"28972033","eventTypeId":"2","numberOfWinners":1,"bettingType":"ODDS","marketType":"MATCH_ODDS","marketTime":"2018-10-25T11:19:00.000Z","suspendTime":"2018-10-25T11:19:00.000Z","bspReconciled":false,"complete":true,"inPlay":true,"crossMatching":true,"runnersVoidable":false,"numberOfActiveRunners":2,"betDelay":5,"status":"SUSPENDED","runners":[{"status":"ACTIVE","sortPriority":1,"id":2309522,"name":"Caroline Wozniacki"},{"status":"ACTIVE","sortPriority":2,"id":6324464,"name":"Elina Svitolina"}],"regulators":["MR_INT"],"countryCode":"SG","discountAllowed":true,"timezone":"UTC","openDate":"2018-10-25T11:19:00.000Z","version":2474941682,"name":"Match Odds","eventName":"Wozniacki v Svitolina"}}]}
{"op":"mcm","clk":"7741212953","pt":1540477171981,"mc":[{"id":"1.150067014","marketDefinition":{"bspMarket":false,"turnInPlayEnabled":true,"persistenceEnabled":true,"marketBaseRate":5.0,"eventId":"28972033","eventTypeId":"2","numberOfWinners":1,"bettingType":"ODDS","marketType":"MATCH_ODDS","marketTime":"2018-10-25T11:19:00.000Z","suspendTime":"2018-10-25T11:19:00.000Z","bspReconciled":false,"complete":true,"inPlay":true,"crossMatching":false,"runnersVoidable":false,"numberOfActiveRunners":0,"betDelay":5,"status":"CLOSED","settledTime":"2018-10-25T14:18:39.000Z","runners":[{"status":"LOSER","sortPriority":1,"id":2309522,"name":"Caroline Wozniacki"},{"status":"WINNER","sortPriority":2,"id":6324464,"name":"Elina Svitolina"}],"regulators":["MR_INT"],"countryCode":"SG","discountAllowed":true,"timezone":"UTC","openDate":"2018-10-25T11:19:00.000Z","version":2474942412,"name":"Match Odds","eventName":"Wozniacki v Svitolina"}}]}
