{"op":"mcm","clk":"7841537757","pt":1540880393140,"mc":[{"id":"1.150458516","marketDefinition":{"bspMarket":false,"turnInPlayEnabled":true,"persistenceEnabled":true,"marketBaseRate":5.0,"eventId":"28984325","eventTypeId":"2","numberOfWinners":1,"bettingType":"ODDS","marketType":"MATCH_ODDS","marketTime":"2018-10-31T07:00:00.000Z","suspendTime":"2018-10-31T07:00:00.000Z","bspReconciled":false,"complete":true,"inPlay":false,"crossMatching":true,"runnersVoidable":false,"numberOfActiveRunners":2,"betDelay":0,"status":"OPEN","runners":[{"status":"ACTIVE","sortPriority":1,"id":2320751,"name":"Julia Goerges"},{"status":"ACTIVE","sortPriority":2,"id":5300737,"name":"Anett Kontaveit"}],"regulators":["MR_INT"],"countryCode":"CN","discountAllowed":true,"timezone":"UTC","openDate":"2018-10-31T07:00:00.000Z","version":2485465265,"name":"Match Odds","eventName":"Goerges v Kontaveit"}}]}
{"op":"mcm","clk":"7842645909","pt":1540905169058,"mc":[{"id":"1.150458516","rc":[{"ltp":2.36,"id":5300737},{"ltp":1.73,"id":2320751}]}]}
{"op":"mcm","clk":"7842669370","pt":1540905657761,"mc":[{"id":"1.150458516","rc":[{"ltp":2.32,"id":5300737},{"ltp":1.75,"id":2320751}]}]}
{"op":"mcm","clk":"7842735549","pt":1540906684554,"mc":[{"id":"1.150458516","rc":[{"ltp":1.63,"id":2320751}]}]}
{"op":"mcm","clk":"7842910361","pt":1540908773912,"mc":[{"id":"1.150458516","rc":[{"ltp":1.56,"id":2320751}]}]}
{"op":"mcm","clk":"7843322706","pt":1540913388871,"mc":[{"id":"1.150458516","rc":[{"ltp":1.54,"id":2320751}]}]}
{"op":"mcm","clk":"7843427075","pt":1540914533706,"mc":[{"id":"1.150458516","rc":[{"ltp":2.86,"id":5300737}]}]}
{"op":"mcm","clk":"7844874302","pt":1540927200279,"mc":[{"id":"1.150458516","rc":[{"ltp":2.92,"id":5300737},{"ltp":1.51,"id":2320751}]}]}
{"op":"mcm","clk":"7845155001","pt":1540928960864,"mc":[{"id":"1.150458516","rc":[{"ltp":3.0,"id":5300737},{"ltp":1.5,"id":2320751}]}]}
{"op":"mcm","clk":"7845390129","pt":1540930129348,"mc":[{"id":"1.150458516","rc":[{"ltp":1.49,"id":2320751}]}]}
{"op":"mcm","clk":"7845482987","pt":1540930562919,"mc":[{"id":"1.150458516","rc":[{"ltp":1.5,"id":2320751}]}]}
{"op":"mcm","clk":"7845763152","pt":1540932293037,"mc":[{"id":"1.150458516","rc":[{"ltp":1.48,"id":2320751}]}]}
{"op":"mcm","clk":"7845859804","pt":1540932992958,"mc":[{"id":"1.150458516","rc":[{"ltp":1.5,"id":2320751}]}]}
{"op":"mcm","clk":"7846265921","pt":1540936008949,"mc":[{"id":"1.150458516","rc":[{"ltp":1.49,"id":2320751}]}]}
{"op":"mcm","clk":"7846277406","pt":1540936311433,"mc":[{"id":"1.150458516","rc":[{"ltp":2.98,"id":5300737},{"ltp":1.5,"id":2320751}]}]}
{"op":"mcm","clk":"7846279218","pt":1540936359014,"mc":[{"id":"1.150458516","rc":[{"ltp":1.51,"id":2320751}]}]}
{"op":"mcm","clk":"7846281685","pt":1540936443800,"mc":[{"id":"1.150458516","rc":[{"ltp":1.49,"id":2320751}]}]}
{"op":"mcm","clk":"7846284388","pt":1540936528357,"mc":[{"id":"1.150458516","rc":[{"ltp":1.48,"id":2320751}]}]}
{"op":"mcm","clk":"7846316117","pt":1540937250409,"mc":[{"id":"1.150458516","rc":[{"ltp":1.49,"id":2320751}]}]}
{"op":"mcm","clk":"7846387833","pt":1540939232377,"mc":[{"id":"1.150458516","rc":[{"ltp":3.0,"id":5300737},{"ltp":1.5,"id":2320751}]}]}
{"op":"mcm","clk":"7846413913","pt":1540939921072,"mc":[{"id":"1.150458516","rc":[{"ltp":1.49,"id":2320751}]}]}
{"op":"mcm","clk":"7846414685","pt":1540939949656,"mc":[{"id":"1.150458516","rc":[{"ltp":1.48,"id":2320751}]}]}
{"op":"mcm","clk":"7846433733","pt":1540940326221,"mc":[{"id":"1.150458516","rc":[{"ltp":1.47,"id":2320751}]}]}
{"op":"mcm","clk":"7846435538","pt":1540940403153,"mc":[{"id":"1.150458516","rc":[{"ltp":1.48,"id":2320751}]}]}
{"op":"mcm","clk":"7846445346","pt":1540940820831,"mc":[{"id":"1.150458516","rc":[{"ltp":1.47,"id":2320751}]}]}
{"op":"mcm","clk":"7846450197","pt":1540941034263,"mc":[{"id":"1.150458516","rc":[{"ltp":1.48,"id":2320751}]}]}
{"op":"mcm","clk":"7846482641","pt":1540941796502,"mc":[{"id":"1.150458516","rc":[{"ltp":1.49,"id":2320751}]}]}
{"op":"mcm","clk":"7846486089","pt":1540941955529,"mc":[{"id":"1.150458516","rc":[{"ltp":3.1,"id":5300737},{"ltp":1.48,"id":2320751}]}]}
{"op":"mcm","clk":"7846537531","pt":1540943304646,"mc":[{"id":"1.150458516","rc":[{"ltp":1.47,"id":2320751}]}]}
{"op":"mcm","clk":"7846577789","pt":1540944355892,"mc":[{"id":"1.150458516","rc":[{"ltp":1.48,"id":2320751}]}]}
{"op":"mcm","clk":"7846599702","pt":1540944764399,"mc":[{"id":"1.150458516","rc":[{"ltp":3.15,"id":5300737},{"ltp":1.47,"id":2320751}]}]}
{"op":"mcm","clk":"7846614802","pt":1540945325516,"mc":[{"id":"1.150458516","rc":[{"ltp":1.46,"id":2320751}]}]}
{"op":"mcm","clk":"7846618295","pt":1540945474872,"mc":[{"id":"1.150458516","rc":[{"ltp":1.47,"id":2320751}]}]}
{"op":"mcm","clk":"7846645051","pt":1540946141202,"mc":[{"id":"1.150458516","rc":[{"ltp":1.46,"id":2320751}]}]}
{"op":"mcm","clk":"7846673282","pt":1540947043930,"mc":[{"id":"1.150458516","rc":[{"ltp":3.1,"id":5300737},{"ltp":1.47,"id":2320751}]}]}
{"op":"mcm","clk":"7846736991","pt":1540948881412,"mc":[{"id":"1.150458516","rc":[{"ltp":3.15,"id":5300737}]}]}
{"op":"mcm","clk":"7846801254","pt":1540950591916,"mc":[{"id":"1.150458516","rc":[{"ltp":1.46,"id":2320751}]}]}
{"op":"mcm","clk":"7846898063","pt":1540953352349,"mc":[{"id":"1.150458516","rc":[{"ltp":1.45,"id":2320751}]}]}
{"op":"mcm","clk":"7846918647","pt":1540953761732,"mc":[{"id":"1.150458516","rc":[{"ltp":1.47,"id":2320751}]}]}
{"op":"mcm","clk":"7846929503","pt":1540954150732,"mc":[{"id":"1.150458516","rc":[{"ltp":1.45,"id":2320751}]}]}
{"op":"mcm","clk":"7846974739","pt":1540955400547,"mc":[{"id":"1.150458516","rc":[{"ltp":1.47,"id":2320751}]}]}
{"op":"mcm","clk":"7846975533","pt":1540955434097,"mc":[{"id":"1.150458516","rc":[{"ltp":3.1,"id":5300737}]}]}
{"op":"mcm","clk":"7846993434","pt":1540955630508,"mc":[{"id":"1.150458516","rc":[{"ltp":1.48,"id":2320751}]}]}
{"op":"mcm","clk":"7847002754","pt":1540955943025,"mc":[{"id":"1.150458516","rc":[{"ltp":1.47,"id":2320751}]}]}
{"op":"mcm","clk":"7847037911","pt":1540956580260,"mc":[{"id":"1.150458516","rc":[{"ltp":1.48,"id":2320751}]}]}
{"op":"mcm","clk":"7847096317","pt":1540957867771,"mc":[{"id":"1.150458516","rc":[{"ltp":3.05,"id":5300737}]}]}
{"op":"mcm","clk":"7847148917","pt":1540958884396,"mc":[{"id":"1.150458516","rc":[{"ltp":1.47,"id":2320751}]}]}
{"op":"mcm","clk":"7847179406","pt":1540959397007,"mc":[{"id":"1.150458516","rc":[{"ltp":1.48,"id":2320751}]}]}
{"op":"mcm","clk":"7847183164","pt":1540959499694,"mc":[{"id":"1.150458516","rc":[{"ltp":1.47,"id":2320751}]}]}
{"op":"mcm","clk":"7847187680","pt":1540959652440,"mc":[{"id":"1.150458516","rc":[{"ltp":1.49,"id":2320751}]}]}
{"op":"mcm","clk":"7847212174","pt":1540960069908,"mc":[{"id":"1.150458516","rc":[{"ltp":1.47,"id":2320751}]}]}
{"op":"mcm","clk":"7847219497","pt":1540960290018,"mc":[{"id":"1.150458516","rc":[{"ltp":1.48,"id":2320751}]}]}
{"op":"mcm","clk":"7847223901","pt":1540960382193,"mc":[{"id":"1.150458516","rc":[{"ltp":1.47,"id":2320751}]}]}
{"op":"mcm","clk":"7847236606","pt":1540960673291,"mc":[{"id":"1.150458516","rc":[{"ltp":1.48,"id":2320751}]}]}
{"op":"mcm","clk":"7847264964","pt":1540961173519,"mc":[{"id":"1.150458516","rc":[{"ltp":1.47,"id":2320751}]}]}
{"op":"mcm","clk":"7847278095","pt":1540961571263,"mc":[{"id":"1.150458516","rc":[{"ltp":3.15,"id":5300737}]}]}
{"op":"mcm","clk":"7847301781","pt":1540961941904,"mc":[{"id":"1.150458516","rc":[{"ltp":3.35,"id":5300737},{"ltp":1.42,"id":2320751}]}]}
{"op":"mcm","clk":"7847318919","pt":1540962424556,"mc":[{"id":"1.150458516","rc":[{"ltp":1.43,"id":2320751}]}]}
{"op":"mcm","clk":"7847346767","pt":1540962843643,"mc":[{"id":"1.150458516","rc":[{"ltp":1.44,"id":2320751}]}]}
{"op":"mcm","clk":"7847351794","pt":1540962963394,"mc":[{"id":"1.150458516","rc":[{"ltp":1.43,"id":2320751}]}]}
{"op":"mcm","clk":"7847357149","pt":1540963129157,"mc":[{"id":"1.150458516","rc":[{"ltp":1.45,"id":2320751}]}]}
{"op":"mcm","clk":"7847366470","pt":1540963388137,"mc":[{"id":"1.150458516","rc":[{"ltp":3.25,"id":5300737}]}]}
{"op":"mcm","clk":"7847384824","pt":1540963678781,"mc":[{"id":"1.150458516","rc":[{"ltp":3.3,"id":5300737}]}]}
{"op":"mcm","clk":"7847400531","pt":1540964160433,"mc":[{"id":"1.150458516","rc":[{"ltp":3.2,"id":5300737},{"ltp":1.46,"id":2320751}]}]}
{"op":"mcm","clk":"7847402517","pt":1540964224311,"mc":[{"id":"1.150458516","rc":[{"ltp":1.45,"id":2320751}]}]}
{"op":"mcm","clk":"7847404386","pt":1540964265175,"mc":[{"id":"1.150458516","rc":[{"ltp":1.46,"id":2320751}]}]}
{"op":"mcm","clk":"7847428222","pt":1540964582318,"mc":[{"id":"1.150458516","rc":[{"ltp":1.45,"id":2320751}]}]}
{"op":"mcm","clk":"7847431466","pt":1540964663199,"mc":[{"id":"1.150458516","rc":[{"ltp":1.46,"id":2320751}]}]}
{"op":"mcm","clk":"7847438311","pt":1540964873494,"mc":[{"id":"1.150458516","rc":[{"ltp":1.45,"id":2320751}]}]}
{"op":"mcm","clk":"7847440567","pt":1540964941465,"mc":[{"id":"1.150458516","rc":[{"ltp":3.15,"id":5300737},{"ltp":1.46,"id":2320751}]}]}
{"op":"mcm","clk":"7847444252","pt":1540965060402,"mc":[{"id":"1.150458516","rc":[{"ltp":1.45,"id":2320751}]}]}
{"op":"mcm","clk":"7847444888","pt":1540965085337,"mc":[{"id":"1.150458516","rc":[{"ltp":1.46,"id":2320751}]}]}
{"op":"mcm","clk":"7847470857","pt":1540965533251,"mc":[{"id":"1.150458516","rc":[{"ltp":1.45,"id":2320751}]}]}
{"op":"mcm","clk":"7847478507","pt":1540965721529,"mc":[{"id":"1.150458516","rc":[{"ltp":3.25,"id":5300737}]}]}
{"op":"mcm","clk":"7847481232","pt":1540965807383,"mc":[{"id":"1.150458516","rc":[{"ltp":1.46,"id":2320751}]}]}
{"op":"mcm","clk":"7847493497","pt":1540966279674,"mc":[{"id":"1.150458516","rc":[{"ltp":3.15,"id":5300737}]}]}
{"op":"mcm","clk":"7847515545","pt":1540966622793,"mc":[{"id":"1.150458516","rc":[{"ltp":1.45,"id":2320751}]}]}
{"op":"mcm","clk":"7847521544","pt":1540966832520,"mc":[{"id":"1.150458516","rc":[{"ltp":1.44,"id":2320751}]}]}
{"op":"mcm","clk":"7847526325","pt":1540966981138,"mc":[{"id":"1.150458516","rc":[{"ltp":3.2,"id":5300737},{"ltp":1.46,"id":2320751}]}]}
{"op":"mcm","clk":"7847528209","pt":1540967041670,"mc":[{"id":"1.150458516","rc":[{"ltp":1.45,"id":2320751}]}]}
{"op":"mcm","clk":"7847529881","pt":1540967086705,"mc":[{"id":"1.150458516","rc":[{"ltp":1.44,"id":2320751}]}]}
{"op":"mcm","clk":"7847532073","pt":1540967163371,"mc":[{"id":"1.150458516","rc":[{"ltp":1.46,"id":2320751}]}]}
{"op":"mcm","clk":"7847534126","pt":1540967224766,"mc":[{"id":"1.150458516","rc":[{"ltp":3.05,"id":5300737}]}]}
{"op":"mcm","clk":"7847548320","pt":1540967283699,"mc":[{"id":"1.150458516","rc":[{"ltp":1.47,"id":2320751}]}]}
{"op":"mcm","clk":"7847551291","pt":1540967404371,"mc":[{"id":"1.150458516","rc":[{"ltp":1.46,"id":2320751}]}]}
{"op":"mcm","clk":"7847554060","pt":1540967464126,"mc":[{"id":"1.150458516","rc":[{"ltp":1.45,"id":2320751}]}]}
{"op":"mcm","clk":"7847559872","pt":1540967643295,"mc":[{"id":"1.150458516","rc":[{"ltp":1.44,"id":2320751}]}]}
{"op":"mcm","clk":"7847562021","pt":1540967701283,"mc":[{"id":"1.150458516","rc":[{"ltp":1.45,"id":2320751}]}]}
{"op":"mcm","clk":"7847563903","pt":1540967760433,"mc":[{"id":"1.150458516","rc":[{"ltp":3.25,"id":5300737},{"ltp":1.46,"id":2320751}]}]}
{"op":"mcm","clk":"7847565478","pt":1540967815765,"mc":[{"id":"1.150458516","rc":[{"ltp":3.2,"id":5300737}]}]}
{"op":"mcm","clk":"7847567013","pt":1540967867865,"mc":[{"id":"1.150458516","rc":[{"ltp":1.45,"id":2320751}]}]}
{"op":"mcm","clk":"7847569266","pt":1540967940788,"mc":[{"id":"1.150458516","rc":[{"ltp":3.15,"id":5300737}]}]}
{"op":"mcm","clk":"7847573431","pt":1540968064775,"mc":[{"id":"1.150458516","rc":[{"ltp":3.1,"id":5300737},{"ltp":1.48,"id":2320751}]}]}
{"op":"mcm","clk":"7847575938","pt":1540968122505,"mc":[{"id":"1.150458516","rc":[{"ltp":3.05,"id":5300737},{"ltp":1.47,"id":2320751}]}]}
{"op":"mcm","clk":"7847594458","pt":1540968299564,"mc":[{"id":"1.150458516","rc":[{"ltp":1.48,"id":2320751}]}]}
{"op":"mcm","clk":"7847599363","pt":1540968423671,"mc":[{"id":"1.150458516","rc":[{"ltp":1.49,"id":2320751}]}]}
{"op":"mcm","clk":"7847601219","pt":1540968471120,"mc":[{"id":"1.150458516","rc":[{"ltp":3.1,"id":5300737},{"ltp":1.47,"id":2320751}]}]}
{"op":"mcm","clk":"7847603450","pt":1540968530028,"mc":[{"id":"1.150458516","rc":[{"ltp":1.48,"id":2320751}]}]}
{"op":"mcm","clk":"7847606273","pt":1540968599813,"mc":[{"id":"1.150458516","rc":[{"ltp":3.05,"id":5300737}]}]}
{"op":"mcm","clk":"7847613119","pt":1540968775589,"mc":[{"id":"1.150458516","rc":[{"ltp":1.47,"id":2320751}]}]}
{"op":"mcm","clk":"7847615552","pt":1540968836090,"mc":[{"id":"1.150458516","rc":[{"ltp":1.48,"id":2320751}]}]}
{"op":"mcm","clk":"7847617992","pt":1540968904237,"mc":[{"id":"1.150458516","rc":[{"ltp":1.45,"id":2320751}]}]}
{"op":"mcm","clk":"7847620566","pt":1540968964714,"mc":[{"id":"1.150458516","rc":[{"ltp":3.15,"id":5300737},{"ltp":1.46,"id":2320751}]}]}
{"op":"mcm","clk":"7847637389","pt":1540969084730,"mc":[{"id":"1.150458516","rc":[{"ltp":1.47,"id":2320751}]}]}
{"op":"mcm","clk":"7847639924","pt":1540969144751,"mc":[{"id":"1.150458516","marketDefinition":{"bspMarket":false,"turnInPlayEnabled":true,"persistenceEnabled":true,"marketBaseRate":5.0,"eventId":"28984325","eventTypeId":"2","numberOfWinners":1,"bettingType":"ODDS","marketType":"MATCH_ODDS","marketTime":"2018-10-31T07:15:00.000Z","suspendTime":"2018-10-31T07:15:00.000Z","bspReconciled":false,"complete":true,"inPlay":false,"crossMatching":true,"runnersVoidable":false,"numberOfActiveRunners":2,"betDelay":0,"status":"OPEN","runners":[{"status":"ACTIVE","sortPriority":1,"id":2320751,"name":"Julia Goerges"},{"status":"ACTIVE","sortPriority":2,"id":5300737,"name":"Anett Kontaveit"}],"regulators":["MR_INT"],"countryCode":"CN","discountAllowed":true,"timezone":"UTC","openDate":"2018-10-31T07:15:00.000Z","version":2487047526,"name":"Match Odds","eventName":"Goerges v Kontaveit"},"rc":[{"ltp":1.45,"id":2320751}]}]}
{"op":"mcm","clk":"7847643585","pt":1540969253727,"mc":[{"id":"1.150458516","rc":[{"ltp":3.2,"id":5300737},{"ltp":1.46,"id":2320751}]}]}
{"op":"mcm","clk":"7847645547","pt":1540969323438,"mc":[{"id":"1.150458516","rc":[{"ltp":1.44,"id":2320751}]}]}
{"op":"mcm","clk":"7847647534","pt":1540969381264,"mc":[{"id":"1.150458516","rc":[{"ltp":3.25,"id":5300737},{"ltp":1.45,"id":2320751}]}]}
{"op":"mcm","clk":"7847649747","pt":1540969444704,"mc":[{"id":"1.150458516","marketDefinition":{"bspMarket":false,"turnInPlayEnabled":true,"persistenceEnabled":true,"marketBaseRate":5.0,"eventId":"28984325","eventTypeId":"2","numberOfWinners":1,"bettingType":"ODDS","marketType":"MATCH_ODDS","marketTime":"2018-10-31T07:03:00.000Z","suspendTime":"2018-10-31T07:03:00.000Z","bspReconciled":false,"complete":true,"inPlay":false,"crossMatching":true,"runnersVoidable":false,"numberOfActiveRunners":2,"betDelay":0,"status":"OPEN","runners":[{"status":"ACTIVE","sortPriority":1,"id":2320751,"name":"Julia Goerges"},{"status":"ACTIVE","sortPriority":2,"id":5300737,"name":"Anett Kontaveit"}],"regulators":["MR_INT"],"countryCode":"CN","discountAllowed":true,"timezone":"UTC","openDate":"2018-10-31T07:03:00.000Z","version":2487048797,"name":"Match Odds","eventName":"Goerges v Kontaveit"},"rc":[{"ltp":3.15,"id":5300737},{"ltp":1.44,"id":2320751}]}]}
{"op":"mcm","clk":"7847651675","pt":1540969503273,"mc":[{"id":"1.150458516","rc":[{"ltp":3.2,"id":5300737},{"ltp":1.46,"id":2320751}]}]}
{"op":"mcm","clk":"7847653700","pt":1540969563514,"mc":[{"id":"1.150458516","rc":[{"ltp":3.25,"id":5300737},{"ltp":1.45,"id":2320751}]}]}
{"op":"mcm","clk":"7847655409","pt":1540969619861,"mc":[{"id":"1.150458516","rc":[{"ltp":1.44,"id":2320751}]}]}
{"op":"mcm","clk":"7847657019","pt":1540969683833,"mc":[{"id":"1.150458516","rc":[{"ltp":3.2,"id":5300737},{"ltp":1.46,"id":2320751}]}]}
{"op":"mcm","clk":"7847658242","pt":1540969735438,"mc":[{"id":"1.150458516","rc":[{"ltp":3.25,"id":5300737}]}]}
{"op":"mcm","clk":"7847660097","pt":1540969804567,"mc":[{"id":"1.150458516","rc":[{"ltp":1.45,"id":2320751}]}]}
{"op":"mcm","clk":"7847664363","pt":1540969923056,"mc":[{"id":"1.150458516","rc":[{"ltp":1.44,"id":2320751}]}]}
{"op":"mcm","clk":"7847678708","pt":1540969983782,"mc":[{"id":"1.150458516","rc":[{"ltp":3.2,"id":5300737}]}]}
{"op":"mcm","clk":"7847681318","pt":1540970043007,"mc":[{"id":"1.150458516","rc":[{"ltp":3.25,"id":5300737}]}]}
{"op":"mcm","clk":"7847684081","pt":1540970104657,"mc":[{"id":"1.150458516","rc":[{"ltp":1.43,"id":2320751}]}]}
{"op":"mcm","clk":"7847686329","pt":1540970155610,"mc":[{"id":"1.150458516","rc":[{"ltp":3.3,"id":5300737},{"ltp":1.42,"id":2320751}]}]}
{"op":"mcm","clk":"7847689259","pt":1540970222833,"mc":[{"id":"1.150458516","rc":[{"ltp":1.43,"id":2320751}]}]}
{"op":"mcm","clk":"7847697253","pt":1540970403915,"mc":[{"id":"1.150458516","rc":[{"ltp":3.35,"id":5300737},{"ltp":1.42,"id":2320751}]}]}
{"op":"mcm","clk":"7847700735","pt":1540970464433,"mc":[{"id":"1.150458516","marketDefinition":{"bspMarket":false,"turnInPlayEnabled":true,"persistenceEnabled":true,"marketBaseRate":5.0,"eventId":"28984325","eventTypeId":"2","numberOfWinners":1,"bettingType":"ODDS","marketType":"MATCH_ODDS","marketTime":"2018-10-31T07:03:00.000Z","suspendTime":"2018-10-31T07:03:00.000Z","bspReconciled":false,"complete":true,"inPlay":true,"crossMatching":true,"runnersVoidable":false,"numberOfActiveRunners":2,"betDelay":5,"status":"OPEN","runners":[{"status":"ACTIVE","sortPriority":1,"id":2320751,"name":"Julia Goerges"},{"status":"ACTIVE","sortPriority":2,"id":5300737,"name":"Anett Kontaveit"}],"regulators":["MR_INT"],"countryCode":"CN","discountAllowed":true,"timezone":"UTC","openDate":"2018-10-31T07:03:00.000Z","version":2487053149,"name":"Match Odds","eventName":"Goerges v Kontaveit"},"rc":[{"ltp":3.25,"id":5300737},{"ltp":1.44,"id":2320751}]}]}
{"op":"mcm","clk":"7847703440","pt":1540970522550,"mc":[{"id":"1.150458516","rc":[{"ltp":3.5,"id":5300737},{"ltp":1.4,"id":2320751}]}]}
{"op":"mcm","clk":"7847706240","pt":1540970584338,"mc":[{"id":"1.150458516","rc":[{"ltp":2.78,"id":5300737},{"ltp":1.57,"id":2320751}]}]}
{"op":"mcm","clk":"7847708680","pt":1540970644677,"mc":[{"id":"1.150458516","rc":[{"ltp":2.4,"id":5300737},{"ltp":1.68,"id":2320751}]}]}
{"op":"mcm","clk":"7847711181","pt":1540970704625,"mc":[{"id":"1.150458516","rc":[{"ltp":2.64,"id":5300737},{"ltp":1.6,"id":2320751}]}]}
{"op":"mcm","clk":"7847714021","pt":1540970764749,"mc":[{"id":"1.150458516","rc":[{"ltp":2.28,"id":5300737},{"ltp":1.8,"id":2320751}]}]}
{"op":"mcm","clk":"7847717073","pt":1540970824368,"mc":[{"id":"1.150458516","rc":[{"ltp":2.16,"id":5300737},{"ltp":1.84,"id":2320751}]}]}
{"op":"mcm","clk":"7847731498","pt":1540970884509,"mc":[{"id":"1.150458516","rc":[{"ltp":2.32,"id":5300737},{"ltp":1.74,"id":2320751}]}]}
{"op":"mcm","clk":"7847733704","pt":1540970944151,"mc":[{"id":"1.150458516","rc":[{"ltp":2.42,"id":5300737},{"ltp":1.7,"id":2320751}]}]}
{"op":"mcm","clk":"7847735779","pt":1540971004509,"mc":[{"id":"1.150458516","rc":[{"ltp":2.4,"id":5300737},{"ltp":1.71,"id":2320751}]}]}
{"op":"mcm","clk":"7847738119","pt":1540971064665,"mc":[{"id":"1.150458516","rc":[{"ltp":2.46,"id":5300737},{"ltp":1.68,"id":2320751}]}]}
{"op":"mcm","clk":"7847740816","pt":1540971124596,"mc":[{"id":"1.150458516","rc":[{"ltp":1.69,"id":2320751}]}]}
{"op":"mcm","clk":"7847743805","pt":1540971184713,"mc":[{"id":"1.150458516","rc":[{"ltp":2.5,"id":5300737},{"ltp":1.65,"id":2320751}]}]}
{"op":"mcm","clk":"7847746226","pt":1540971244682,"mc":[{"id":"1.150458516","rc":[{"ltp":2.22,"id":5300737},{"ltp":1.82,"id":2320751}]}]}
{"op":"mcm","clk":"7847748798","pt":1540971304572,"mc":[{"id":"1.150458516","rc":[{"ltp":2.06,"id":5300737},{"ltp":1.98,"id":2320751}]}]}
{"op":"mcm","clk":"7847751743","pt":1540971364562,"mc":[{"id":"1.150458516","rc":[{"ltp":1.81,"id":5300737},{"ltp":2.22,"id":2320751}]}]}
{"op":"mcm","clk":"7847754406","pt":1540971423532,"mc":[{"id":"1.150458516","rc":[{"ltp":1.93,"id":5300737},{"ltp":2.08,"id":2320751}]}]}
{"op":"mcm","clk":"7847756781","pt":1540971483972,"mc":[{"id":"1.150458516","rc":[{"ltp":1.74,"id":5300737},{"ltp":2.34,"id":2320751}]}]}
{"op":"mcm","clk":"7847759229","pt":1540971544738,"mc":[{"id":"1.150458516","rc":[{"ltp":1.73,"id":5300737},{"ltp":2.38,"id":2320751}]}]}
{"op":"mcm","clk":"7847761903","pt":1540971604772,"mc":[{"id":"1.150458516","rc":[{"ltp":1.74,"id":5300737},{"ltp":2.36,"id":2320751}]}]}
{"op":"mcm","clk":"7847764499","pt":1540971664577,"mc":[{"id":"1.150458516","rc":[{"ltp":1.65,"id":5300737},{"ltp":2.54,"id":2320751}]}]}
{"op":"mcm","clk":"7847767098","pt":1540971724724,"mc":[{"id":"1.150458516","rc":[{"ltp":1.76,"id":5300737},{"ltp":2.46,"id":2320751}]}]}
{"op":"mcm","clk":"7847781724","pt":1540971784736,"mc":[{"id":"1.150458516","rc":[{"ltp":1.9,"id":5300737},{"ltp":2.12,"id":2320751}]}]}
{"op":"mcm","clk":"7847784732","pt":1540971844447,"mc":[{"id":"1.150458516","rc":[{"ltp":1.89,"id":5300737},{"ltp":2.14,"id":2320751}]}]}
{"op":"mcm","clk":"7847787403","pt":1540971904535,"mc":[{"id":"1.150458516","rc":[{"ltp":1.93,"id":5300737},{"ltp":2.08,"id":2320751}]}]}
{"op":"mcm","clk":"7847789997","pt":1540971964598,"mc":[{"id":"1.150458516","rc":[{"ltp":2.02,"id":5300737},{"ltp":1.98,"id":2320751}]}]}
{"op":"mcm","clk":"7847792885","pt":1540972024777,"mc":[{"id":"1.150458516","rc":[{"ltp":2.04,"id":5300737},{"ltp":1.96,"id":2320751}]}]}
{"op":"mcm","clk":"7847795036","pt":1540972084729,"mc":[{"id":"1.150458516","rc":[{"ltp":1.86,"id":2320751}]}]}
{"op":"mcm","clk":"7847797109","pt":1540972144533,"mc":[{"id":"1.150458516","rc":[{"ltp":1.95,"id":2320751}]}]}
{"op":"mcm","clk":"7847799469","pt":1540972204703,"mc":[{"id":"1.150458516","rc":[{"ltp":1.89,"id":5300737},{"ltp":2.14,"id":2320751}]}]}
{"op":"mcm","clk":"7847801616","pt":1540972264617,"mc":[{"id":"1.150458516","rc":[{"ltp":1.7,"id":5300737},{"ltp":2.42,"id":2320751}]}]}
{"op":"mcm","clk":"7847804004","pt":1540972324494,"mc":[{"id":"1.150458516","rc":[{"ltp":1.67,"id":5300737},{"ltp":2.5,"id":2320751}]}]}
{"op":"mcm","clk":"7847806555","pt":1540972384768,"mc":[{"id":"1.150458516","rc":[{"ltp":1.58,"id":5300737},{"ltp":2.62,"id":2320751}]}]}
{"op":"mcm","clk":"7847809479","pt":1540972444774,"mc":[{"id":"1.150458516","rc":[{"ltp":1.54,"id":5300737},{"ltp":2.84,"id":2320751}]}]}
{"op":"mcm","clk":"7847812489","pt":1540972504720,"mc":[{"id":"1.150458516","rc":[{"ltp":1.55,"id":5300737},{"ltp":2.8,"id":2320751}]}]}
{"op":"mcm","clk":"7847817692","pt":1540972624712,"mc":[{"id":"1.150458516","rc":[{"ltp":1.53,"id":5300737},{"ltp":2.88,"id":2320751}]}]}
{"op":"mcm","clk":"7847835632","pt":1540972744720,"mc":[{"id":"1.150458516","rc":[{"ltp":1.43,"id":5300737},{"ltp":3.25,"id":2320751}]}]}
{"op":"mcm","clk":"7847838997","pt":1540972804777,"mc":[{"id":"1.150458516","rc":[{"ltp":1.62,"id":5300737},{"ltp":2.74,"id":2320751}]}]}
{"op":"mcm","clk":"7847842267","pt":1540972864772,"mc":[{"id":"1.150458516","rc":[{"ltp":1.66,"id":5300737},{"ltp":2.46,"id":2320751}]}]}
{"op":"mcm","clk":"7847845818","pt":1540972924775,"mc":[{"id":"1.150458516","rc":[{"ltp":1.77,"id":5300737},{"ltp":2.3,"id":2320751}]}]}
{"op":"mcm","clk":"7847849746","pt":1540972984569,"mc":[{"id":"1.150458516","rc":[{"ltp":1.83,"id":5300737},{"ltp":2.22,"id":2320751}]}]}
{"op":"mcm","clk":"7847853303","pt":1540973044759,"mc":[{"id":"1.150458516","rc":[{"ltp":1.63,"id":5300737},{"ltp":2.56,"id":2320751}]}]}
{"op":"mcm","clk":"7847856594","pt":1540973104731,"mc":[{"id":"1.150458516","rc":[{"ltp":1.58,"id":5300737},{"ltp":2.7,"id":2320751}]}]}
{"op":"mcm","clk":"7847859341","pt":1540973164586,"mc":[{"id":"1.150458516","rc":[{"ltp":1.7,"id":5300737},{"ltp":2.44,"id":2320751}]}]}
{"op":"mcm","clk":"7847862257","pt":1540973224577,"mc":[{"id":"1.150458516","rc":[{"ltp":1.75,"id":5300737},{"ltp":2.32,"id":2320751}]}]}
{"op":"mcm","clk":"7847864843","pt":1540973284533,"mc":[{"id":"1.150458516","rc":[{"ltp":1.73,"id":5300737},{"ltp":2.34,"id":2320751}]}]}
{"op":"mcm","clk":"7847868254","pt":1540973344733,"mc":[{"id":"1.150458516","rc":[{"ltp":1.69,"id":5300737},{"ltp":2.46,"id":2320751}]}]}
{"op":"mcm","clk":"7847871307","pt":1540973404690,"mc":[{"id":"1.150458516","rc":[{"ltp":1.7,"id":5300737},{"ltp":2.44,"id":2320751}]}]}
{"op":"mcm","clk":"7847876372","pt":1540973464380,"mc":[{"id":"1.150458516","rc":[{"ltp":1.98,"id":5300737},{"ltp":2.04,"id":2320751}]}]}
{"op":"mcm","clk":"7847881767","pt":1540973524768,"mc":[{"id":"1.150458516","rc":[{"ltp":1.97,"id":5300737},{"ltp":2.02,"id":2320751}]}]}
{"op":"mcm","clk":"7847898895","pt":1540973584750,"mc":[{"id":"1.150458516","rc":[{"ltp":2.3,"id":5300737},{"ltp":1.78,"id":2320751}]}]}
{"op":"mcm","clk":"7847902865","pt":1540973644636,"mc":[{"id":"1.150458516","rc":[{"ltp":2.4,"id":5300737},{"ltp":1.68,"id":2320751}]}]}
{"op":"mcm","clk":"7847906256","pt":1540973704727,"mc":[{"id":"1.150458516","rc":[{"ltp":2.56,"id":5300737},{"ltp":1.65,"id":2320751}]}]}
{"op":"mcm","clk":"7847909681","pt":1540973764744,"mc":[{"id":"1.150458516","rc":[{"ltp":2.46,"id":5300737},{"ltp":1.69,"id":2320751}]}]}
{"op":"mcm","clk":"7847912553","pt":1540973824765,"mc":[{"id":"1.150458516","rc":[{"ltp":2.52,"id":5300737},{"ltp":1.66,"id":2320751}]}]}
{"op":"mcm","clk":"7847915264","pt":1540973884355,"mc":[{"id":"1.150458516","rc":[{"ltp":1.65,"id":2320751}]}]}
{"op":"mcm","clk":"7847918062","pt":1540973944754,"mc":[{"id":"1.150458516","rc":[{"ltp":2.4,"id":5300737},{"ltp":1.72,"id":2320751}]}]}
{"op":"mcm","clk":"7847920885","pt":1540974004438,"mc":[{"id":"1.150458516","rc":[{"ltp":2.38,"id":5300737}]}]}
{"op":"mcm","clk":"7847923745","pt":1540974064722,"mc":[{"id":"1.150458516","rc":[{"ltp":1.96,"id":5300737},{"ltp":2.04,"id":2320751}]}]}
{"op":"mcm","clk":"7847926810","pt":1540974124715,"mc":[{"id":"1.150458516","rc":[{"ltp":1.92,"id":5300737},{"ltp":2.06,"id":2320751}]}]}
{"op":"mcm","clk":"7847929518","pt":1540974184509,"mc":[{"id":"1.150458516","rc":[{"ltp":2.26,"id":5300737},{"ltp":1.84,"id":2320751}]}]}
{"op":"mcm","clk":"7847932463","pt":1540974244565,"mc":[{"id":"1.150458516","rc":[{"ltp":1.86,"id":5300737},{"ltp":2.16,"id":2320751}]}]}
{"op":"mcm","clk":"7847935551","pt":1540974304648,"mc":[{"id":"1.150458516","rc":[{"ltp":2.0,"id":5300737},{"ltp":2.0,"id":2320751}]}]}
{"op":"mcm","clk":"7847938781","pt":1540974364719,"mc":[{"id":"1.150458516","rc":[{"ltp":2.28,"id":5300737},{"ltp":1.78,"id":2320751}]}]}
{"op":"mcm","clk":"7847942379","pt":1540974424641,"mc":[{"id":"1.150458516","rc":[{"ltp":1.77,"id":2320751}]}]}
{"op":"mcm","clk":"7847958885","pt":1540974484705,"mc":[{"id":"1.150458516","rc":[{"ltp":2.26,"id":5300737},{"ltp":1.79,"id":2320751}]}]}
{"op":"mcm","clk":"7847962599","pt":1540974544706,"mc":[{"id":"1.150458516","rc":[{"ltp":2.3,"id":5300737},{"ltp":1.77,"id":2320751}]}]}
{"op":"mcm","clk":"7847966317","pt":1540974604767,"mc":[{"id":"1.150458516","rc":[{"ltp":2.36,"id":5300737},{"ltp":1.72,"id":2320751}]}]}
{"op":"mcm","clk":"7847970175","pt":1540974664622,"mc":[{"id":"1.150458516","rc":[{"ltp":2.2,"id":5300737},{"ltp":1.81,"id":2320751}]}]}
{"op":"mcm","clk":"7847973982","pt":1540974724493,"mc":[{"id":"1.150458516","rc":[{"ltp":1.82,"id":2320751}]}]}
{"op":"mcm","clk":"7847978352","pt":1540974784414,"mc":[{"id":"1.150458516","rc":[{"ltp":1.84,"id":5300737},{"ltp":2.18,"id":2320751}]}]}
{"op":"mcm","clk":"7847982530","pt":1540974844769,"mc":[{"id":"1.150458516","rc":[{"ltp":1.66,"id":5300737},{"ltp":2.5,"id":2320751}]}]}
{"op":"mcm","clk":"7847986392","pt":1540974904683,"mc":[{"id":"1.150458516","rc":[{"ltp":1.63,"id":5300737},{"ltp":2.52,"id":2320751}]}]}
{"op":"mcm","clk":"7847990434","pt":1540974964724,"mc":[{"id":"1.150458516","rc":[{"ltp":1.65,"id":5300737},{"ltp":2.5,"id":2320751}]}]}
{"op":"mcm","clk":"7847994363","pt":1540975024593,"mc":[{"id":"1.150458516","rc":[{"ltp":1.88,"id":5300737},{"ltp":2.1,"id":2320751}]}]}
{"op":"mcm","clk":"7847997589","pt":1540975084760,"mc":[{"id":"1.150458516","rc":[{"ltp":1.96,"id":5300737},{"ltp":2.02,"id":2320751}]}]}
{"op":"mcm","clk":"7848000843","pt":1540975144658,"mc":[{"id":"1.150458516","rc":[{"ltp":2.4,"id":5300737},{"ltp":1.71,"id":2320751}]}]}
{"op":"mcm","clk":"7848004379","pt":1540975204681,"mc":[{"id":"1.150458516","rc":[{"ltp":2.44,"id":5300737},{"ltp":1.7,"id":2320751}]}]}
{"op":"mcm","clk":"7848007954","pt":1540975264759,"mc":[{"id":"1.150458516","rc":[{"ltp":2.62,"id":5300737},{"ltp":1.62,"id":2320751}]}]}
{"op":"mcm","clk":"7848011081","pt":1540975324759,"mc":[{"id":"1.150458516","rc":[{"ltp":2.68,"id":5300737},{"ltp":1.6,"id":2320751}]}]}
{"op":"mcm","clk":"7848027091","pt":1540975384708,"mc":[{"id":"1.150458516","rc":[{"ltp":3.0,"id":5300737},{"ltp":1.49,"id":2320751}]}]}
{"op":"mcm","clk":"7848030133","pt":1540975444648,"mc":[{"id":"1.150458516","rc":[{"ltp":3.5,"id":5300737},{"ltp":1.4,"id":2320751}]}]}
{"op":"mcm","clk":"7848033164","pt":1540975504394,"mc":[{"id":"1.150458516","rc":[{"ltp":3.75,"id":5300737},{"ltp":1.36,"id":2320751}]}]}
{"op":"mcm","clk":"7848036178","pt":1540975564685,"mc":[{"id":"1.150458516","rc":[{"ltp":4.5,"id":5300737},{"ltp":1.31,"id":2320751}]}]}
{"op":"mcm","clk":"7848039473","pt":1540975624767,"mc":[{"id":"1.150458516","rc":[{"ltp":2.88,"id":5300737},{"ltp":1.52,"id":2320751}]}]}
{"op":"mcm","clk":"7848042593","pt":1540975684762,"mc":[{"id":"1.150458516","rc":[{"ltp":4.5,"id":5300737},{"ltp":1.27,"id":2320751}]}]}
{"op":"mcm","clk":"7848045727","pt":1540975744666,"mc":[{"id":"1.150458516","rc":[{"ltp":5.5,"id":5300737},{"ltp":1.22,"id":2320751}]}]}
{"op":"mcm","clk":"7848048468","pt":1540975804693,"mc":[{"id":"1.150458516","rc":[{"ltp":6.2,"id":5300737},{"ltp":1.19,"id":2320751}]}]}
{"op":"mcm","clk":"7848051286","pt":1540975864750,"mc":[{"id":"1.150458516","rc":[{"ltp":5.0,"id":5300737},{"ltp":1.25,"id":2320751}]}]}
{"op":"mcm","clk":"7848054372","pt":1540975924514,"mc":[{"id":"1.150458516","rc":[{"ltp":3.75,"id":5300737},{"ltp":1.35,"id":2320751}]}]}
{"op":"mcm","clk":"7848057048","pt":1540975984761,"mc":[{"id":"1.150458516","rc":[{"ltp":3.15,"id":5300737},{"ltp":1.46,"id":2320751}]}]}
{"op":"mcm","clk":"7848060058","pt":1540976044764,"mc":[{"id":"1.150458516","rc":[{"ltp":3.1,"id":5300737}]}]}
{"op":"mcm","clk":"7848062943","pt":1540976104718,"mc":[{"id":"1.150458516","rc":[{"ltp":3.7,"id":5300737},{"ltp":1.37,"id":2320751}]}]}
{"op":"mcm","clk":"7848066482","pt":1540976164741,"mc":[{"id":"1.150458516","rc":[{"ltp":2.6,"id":5300737},{"ltp":1.62,"id":2320751}]}]}
{"op":"mcm","clk":"7848069508","pt":1540976224393,"mc":[{"id":"1.150458516","rc":[{"ltp":2.84,"id":5300737},{"ltp":1.54,"id":2320751}]}]}
{"op":"mcm","clk":"7848085473","pt":1540976284523,"mc":[{"id":"1.150458516","rc":[{"ltp":1.53,"id":2320751}]}]}
{"op":"mcm","clk":"7848088722","pt":1540976344749,"mc":[{"id":"1.150458516","rc":[{"ltp":2.88,"id":5300737},{"ltp":1.52,"id":2320751}]}]}
{"op":"mcm","clk":"7848091854","pt":1540976404742,"mc":[{"id":"1.150458516","rc":[{"ltp":2.52,"id":5300737},{"ltp":1.65,"id":2320751}]}]}
{"op":"mcm","clk":"7848095573","pt":1540976464663,"mc":[{"id":"1.150458516","rc":[{"ltp":2.82,"id":5300737},{"ltp":1.56,"id":2320751}]}]}
{"op":"mcm","clk":"7848099202","pt":1540976524725,"mc":[{"id":"1.150458516","rc":[{"ltp":3.4,"id":5300737},{"ltp":1.42,"id":2320751}]}]}
{"op":"mcm","clk":"7848102966","pt":1540976584748,"mc":[{"id":"1.150458516","rc":[{"ltp":3.3,"id":5300737}]}]}
{"op":"mcm","clk":"7848106971","pt":1540976644306,"mc":[{"id":"1.150458516","rc":[{"ltp":3.45,"id":5300737},{"ltp":1.41,"id":2320751}]}]}
{"op":"mcm","clk":"7848110557","pt":1540976704767,"mc":[{"id":"1.150458516","rc":[{"ltp":3.5,"id":5300737},{"ltp":1.38,"id":2320751}]}]}
{"op":"mcm","clk":"7848114613","pt":1540976764727,"mc":[{"id":"1.150458516","rc":[{"ltp":3.0,"id":5300737},{"ltp":1.49,"id":2320751}]}]}
{"op":"mcm","clk":"7848118810","pt":1540976824738,"mc":[{"id":"1.150458516","rc":[{"ltp":2.92,"id":5300737},{"ltp":1.51,"id":2320751}]}]}
{"op":"mcm","clk":"7848122798","pt":1540976884705,"mc":[{"id":"1.150458516","rc":[{"ltp":2.58,"id":5300737},{"ltp":1.63,"id":2320751}]}]}
{"op":"mcm","clk":"7848126996","pt":1540976944559,"mc":[{"id":"1.150458516","rc":[{"ltp":2.46,"id":5300737},{"ltp":1.66,"id":2320751}]}]}
{"op":"mcm","clk":"7848131169","pt":1540977004702,"mc":[{"id":"1.150458516","rc":[{"ltp":1.72,"id":5300737},{"ltp":2.38,"id":2320751}]}]}
{"op":"mcm","clk":"7848135581","pt":1540977064726,"mc":[{"id":"1.150458516","rc":[{"ltp":1.83,"id":5300737},{"ltp":2.1,"id":2320751}]}]}
{"op":"mcm","clk":"7848139912","pt":1540977124745,"mc":[{"id":"1.150458516","rc":[{"ltp":1.47,"id":5300737},{"ltp":3.15,"id":2320751}]}]}
{"op":"mcm","clk":"7848160919","pt":1540977244684,"mc":[{"id":"1.150458516","rc":[{"ltp":1.36,"id":5300737},{"ltp":3.8,"id":2320751}]}]}
{"op":"mcm","clk":"7848164687","pt":1540977304692,"mc":[{"id":"1.150458516","rc":[{"ltp":1.19,"id":5300737},{"ltp":6.2,"id":2320751}]}]}
{"op":"mcm","clk":"7848168387","pt":1540977364738,"mc":[{"id":"1.150458516","rc":[{"ltp":1.18,"id":5300737},{"ltp":6.4,"id":2320751}]}]}
{"op":"mcm","clk":"7848174888","pt":1540977484620,"mc":[{"id":"1.150458516","rc":[{"ltp":1.16,"id":5300737},{"ltp":6.8,"id":2320751}]}]}
{"op":"mcm","clk":"7848178338","pt":1540977544511,"mc":[{"id":"1.150458516","rc":[{"ltp":1.22,"id":5300737},{"ltp":5.4,"id":2320751}]}]}
{"op":"mcm","clk":"7848181508","pt":1540977604774,"mc":[{"id":"1.150458516","rc":[{"ltp":1.26,"id":5300737},{"ltp":4.9,"id":2320751}]}]}
{"op":"mcm","clk":"7848184542","pt":1540977664319,"mc":[{"id":"1.150458516","rc":[{"ltp":4.8,"id":2320751}]}]}
{"op":"mcm","clk":"7848187876","pt":1540977724754,"mc":[{"id":"1.150458516","rc":[{"ltp":1.16,"id":5300737},{"ltp":7.2,"id":2320751}]}]}
{"op":"mcm","clk":"7848191521","pt":1540977784761,"mc":[{"id":"1.150458516","rc":[{"ltp":1.31,"id":5300737},{"ltp":4.6,"id":2320751}]}]}
{"op":"mcm","clk":"7848194986","pt":1540977844726,"mc":[{"id":"1.150458516","rc":[{"ltp":1.33,"id":5300737},{"ltp":4.3,"id":2320751}]}]}
{"op":"mcm","clk":"7848197689","pt":1540977893772,"mc":[{"id":"1.150458516","marketDefinition":{"bspMarket":false,"turnInPlayEnabled":true,"persistenceEnabled":true,"marketBaseRate":5.0,"eventId":"28984325","eventTypeId":"2","numberOfWinners":1,"bettingType":"ODDS","marketType":"MATCH_ODDS","marketTime":"2018-10-31T07:03:00.000Z","suspendTime":"2018-10-31T07:03:00.000Z","bspReconciled":false,"complete":true,"inPlay":true,"crossMatching":true,"runnersVoidable":false,"numberOfActiveRunners":2,"betDelay":5,"status":"SUSPENDED","runners":[{"status":"ACTIVE","sortPriority":1,"id":2320751,"name":"Julia Goerges"},{"status":"ACTIVE","sortPriority":2,"id":5300737,"name":"Anett Kontaveit"}],"regulators":["MR_INT"],"countryCode":"CN","discountAllowed":true,"timezone":"UTC","openDate":"2018-10-31T07:03:00.000Z","version":2487110348,"name":"Match Odds","eventName":"Goerges v Kontaveit"},"rc":[{"ltp":1.13,"id":5300737},{"ltp":8.8,"id":2320751}]}]}
{"op":"mcm","clk":"7848201423","pt":1540977962520,"mc":[{"id":"1.150458516","marketDefinition":{"bspMarket":false,"turnInPlayEnabled":true,"persistenceEnabled":true,"marketBaseRate":5.0,"eventId":"28984325","eventTypeId":"2","numberOfWinners":1,"bettingType":"ODDS","marketType":"MATCH_ODDS","marketTime":"2018-10-31T07:03:00.000Z","suspendTime":"2018-10-31T07:03:00.000Z","bspReconciled":false,"complete":true,"inPlay":true,"crossMatching":false,"runnersVoidable":false,"numberOfActiveRunners":0,"betDelay":5,"status":"CLOSED","settledTime":"2018-10-31T09:25:25.000Z","runners":[{"status":"LOSER","sortPriority":1,"id":2320751,"name":"Julia Goerges"},{"status":"WINNER","sortPriority":2,"id":5300737,"name":"Anett Kontaveit"}],"regulators":["MR_INT"],"countryCode":"CN","discountAllowed":true,"timezone":"UTC","openDate":"2018-10-31T07:03:00.000Z","version":2487110903,"name":"Match Odds","eventName":"Goerges v Kontaveit"}}]}
