{"op":"mcm","clk":"7763859524","pt":1540659576632,"mc":[{"id":"1.150321296","marketDefinition":{"bspMarket":false,"turnInPlayEnabled":true,"persistenceEnabled":true,"marketBaseRate":5.0,"eventId":"28979893","eventTypeId":"2","numberOfWinners":1,"bettingType":"ODDS","marketType":"MATCH_ODDS","marketTime":"2018-10-28T13:00:00.000Z","suspendTime":"2018-10-28T13:00:00.000Z","bspReconciled":false,"complete":true,"inPlay":false,"crossMatching":true,"runnersVoidable":false,"numberOfActiveRunners":2,"betDelay":0,"status":"OPEN","runners":[{"status":"ACTIVE","sortPriority":1,"id":19924834,"name":"Kei Nishikori"},{"status":"ACTIVE","sortPriority":2,"id":2519549,"name":"Kevin Anderson"}],"regulators":["MR_INT"],"countryCode":"AT","discountAllowed":true,"timezone":"UTC","openDate":"2018-10-28T13:00:00.000Z","version":2479738704,"name":"Match Odds","eventName":"18746349"}}]}
{"op":"mcm","clk":"7764090856","pt":1540660787479,"mc":[{"id":"1.150321296","rc":[{"ltp":1.64,"id":19924834}]}]}
{"op":"mcm","clk":"7764177791","pt":1540661193542,"mc":[{"id":"1.150321296","rc":[{"ltp":1.6,"id":19924834}]}]}
{"op":"mcm","clk":"7764593748","pt":1540663525881,"mc":[{"id":"1.150321296","rc":[{"ltp":2.66,"id":2519549},{"ltp":1.59,"id":19924834}]}]}
{"op":"mcm","clk":"7764602926","pt":1540663570155,"mc":[{"id":"1.150321296","rc":[{"ltp":1.6,"id":19924834}]}]}
{"op":"mcm","clk":"7764799903","pt":1540664465519,"mc":[{"id":"1.150321296","rc":[{"ltp":1.63,"id":19924834}]}]}
{"op":"mcm","clk":"7764831026","pt":1540664557700,"mc":[{"id":"1.150321296","rc":[{"ltp":1.61,"id":19924834}]}]}
{"op":"mcm","clk":"7764912809","pt":1540665012768,"mc":[{"id":"1.150321296","rc":[{"ltp":2.56,"id":2519549},{"ltp":1.64,"id":19924834}]}]}
{"op":"mcm","clk":"7764927420","pt":1540665094247,"mc":[{"id":"1.150321296","rc":[{"ltp":1.61,"id":19924834}]}]}
{"op":"mcm","clk":"7765328685","pt":1540667201590,"mc":[{"id":"1.150321296","rc":[{"ltp":2.6,"id":2519549},{"ltp":1.62,"id":19924834}]}]}
{"op":"mcm","clk":"7765363898","pt":1540667319684,"mc":[{"id":"1.150321296","rc":[{"ltp":1.61,"id":19924834}]}]}
{"op":"mcm","clk":"7765382176","pt":1540667424580,"mc":[{"id":"1.150321296","rc":[{"ltp":1.62,"id":19924834}]}]}
{"op":"mcm","clk":"7765526050","pt":1540668168372,"mc":[{"id":"1.150321296","rc":[{"ltp":2.66,"id":2519549},{"ltp":1.6,"id":19924834}]}]}
{"op":"mcm","clk":"7765759605","pt":1540669427946,"mc":[{"id":"1.150321296","rc":[{"ltp":1.59,"id":19924834}]}]}
{"op":"mcm","clk":"7765766671","pt":1540669466705,"mc":[{"id":"1.150321296","rc":[{"ltp":1.58,"id":19924834}]}]}
{"op":"mcm","clk":"7765831977","pt":1540669844324,"mc":[{"id":"1.150321296","rc":[{"ltp":1.57,"id":19924834}]}]}
{"op":"mcm","clk":"7766085023","pt":1540671468141,"mc":[{"id":"1.150321296","rc":[{"ltp":1.55,"id":19924834}]}]}
{"op":"mcm","clk":"7766147488","pt":1540671885436,"mc":[{"id":"1.150321296","rc":[{"ltp":1.52,"id":19924834}]}]}
{"op":"mcm","clk":"7766165532","pt":1540672046900,"mc":[{"id":"1.150321296","rc":[{"ltp":1.51,"id":19924834}]}]}
{"op":"mcm","clk":"7766173447","pt":1540672121805,"mc":[{"id":"1.150321296","rc":[{"ltp":2.96,"id":2519549}]}]}
{"op":"mcm","clk":"7766190376","pt":1540672305920,"mc":[{"id":"1.150321296","rc":[{"ltp":1.52,"id":19924834}]}]}
{"op":"mcm","clk":"7766214749","pt":1540672559901,"mc":[{"id":"1.150321296","rc":[{"ltp":3.0,"id":2519549},{"ltp":1.5,"id":19924834}]}]}
{"op":"mcm","clk":"7766265376","pt":1540672907614,"mc":[{"id":"1.150321296","rc":[{"ltp":2.92,"id":2519549},{"ltp":1.52,"id":19924834}]}]}
{"op":"mcm","clk":"7766350467","pt":1540673671973,"mc":[{"id":"1.150321296","rc":[{"ltp":1.51,"id":19924834}]}]}
{"op":"mcm","clk":"7766361436","pt":1540673808093,"mc":[{"id":"1.150321296","rc":[{"ltp":1.52,"id":19924834}]}]}
{"op":"mcm","clk":"7766413882","pt":1540674407836,"mc":[{"id":"1.150321296","rc":[{"ltp":3.0,"id":2519549},{"ltp":1.5,"id":19924834}]}]}
{"op":"mcm","clk":"7766709056","pt":1540677322609,"mc":[{"id":"1.150321296","rc":[{"ltp":1.49,"id":19924834}]}]}
{"op":"mcm","clk":"7766740732","pt":1540677826189,"mc":[{"id":"1.150321296","rc":[{"ltp":1.48,"id":19924834}]}]}
{"op":"mcm","clk":"7766746738","pt":1540677911816,"mc":[{"id":"1.150321296","rc":[{"ltp":1.47,"id":19924834}]}]}
{"op":"mcm","clk":"7766970987","pt":1540680140185,"mc":[{"id":"1.150321296","rc":[{"ltp":1.48,"id":19924834}]}]}
{"op":"mcm","clk":"7767063307","pt":1540681127092,"mc":[{"id":"1.150321296","rc":[{"ltp":1.47,"id":19924834}]}]}
{"op":"mcm","clk":"7767096755","pt":1540681552793,"mc":[{"id":"1.150321296","rc":[{"ltp":3.05,"id":2519549}]}]}
{"op":"mcm","clk":"7767151934","pt":1540682058846,"mc":[{"id":"1.150321296","rc":[{"ltp":1.46,"id":19924834}]}]}
{"op":"mcm","clk":"7767179084","pt":1540682349517,"mc":[{"id":"1.150321296","rc":[{"ltp":1.49,"id":19924834}]}]}
{"op":"mcm","clk":"7767336816","pt":1540683934533,"mc":[{"id":"1.150321296","rc":[{"ltp":1.47,"id":19924834}]}]}
{"op":"mcm","clk":"7767727619","pt":1540688028132,"mc":[{"id":"1.150321296","rc":[{"ltp":1.48,"id":19924834}]}]}
{"op":"mcm","clk":"7768138404","pt":1540692791629,"mc":[{"id":"1.150321296","rc":[{"ltp":1.47,"id":19924834}]}]}
{"op":"mcm","clk":"7768711464","pt":1540701790852,"mc":[{"id":"1.150321296","rc":[{"ltp":1.46,"id":19924834}]}]}
{"op":"mcm","clk":"7768731722","pt":1540702132057,"mc":[{"id":"1.150321296","rc":[{"ltp":1.47,"id":19924834}]}]}
{"op":"mcm","clk":"7768761127","pt":1540702426980,"mc":[{"id":"1.150321296","rc":[{"ltp":1.46,"id":19924834}]}]}
{"op":"mcm","clk":"7768805113","pt":1540703009846,"mc":[{"id":"1.150321296","rc":[{"ltp":1.48,"id":19924834}]}]}
{"op":"mcm","clk":"7768842537","pt":1540703327529,"mc":[{"id":"1.150321296","rc":[{"ltp":1.46,"id":19924834}]}]}
{"op":"mcm","clk":"7769065659","pt":1540705606680,"mc":[{"id":"1.150321296","rc":[{"ltp":3.15,"id":2519549}]}]}
{"op":"mcm","clk":"7769070223","pt":1540705668286,"mc":[{"id":"1.150321296","rc":[{"ltp":3.2,"id":2519549},{"ltp":1.47,"id":19924834}]}]}
{"op":"mcm","clk":"7769089115","pt":1540705921824,"mc":[{"id":"1.150321296","rc":[{"ltp":1.46,"id":19924834}]}]}
{"op":"mcm","clk":"7769107465","pt":1540705997839,"mc":[{"id":"1.150321296","rc":[{"ltp":3.1,"id":2519549}]}]}
{"op":"mcm","clk":"7769111372","pt":1540706048471,"mc":[{"id":"1.150321296","rc":[{"ltp":3.2,"id":2519549}]}]}
{"op":"mcm","clk":"7769143049","pt":1540706382201,"mc":[{"id":"1.150321296","rc":[{"ltp":3.1,"id":2519549}]}]}
{"op":"mcm","clk":"7769144444","pt":1540706397084,"mc":[{"id":"1.150321296","rc":[{"ltp":3.05,"id":2519549}]}]}
{"op":"mcm","clk":"7769208289","pt":1540706945447,"mc":[{"id":"1.150321296","rc":[{"ltp":1.48,"id":19924834}]}]}
{"op":"mcm","clk":"7769347386","pt":1540708327236,"mc":[{"id":"1.150321296","rc":[{"ltp":1.46,"id":19924834}]}]}
{"op":"mcm","clk":"7769438240","pt":1540709149604,"mc":[{"id":"1.150321296","rc":[{"ltp":1.47,"id":19924834}]}]}
{"op":"mcm","clk":"7769469645","pt":1540709457129,"mc":[{"id":"1.150321296","rc":[{"ltp":1.48,"id":19924834}]}]}
{"op":"mcm","clk":"7769501872","pt":1540709680368,"mc":[{"id":"1.150321296","rc":[{"ltp":1.47,"id":19924834}]}]}
{"op":"mcm","clk":"7769505961","pt":1540709728707,"mc":[{"id":"1.150321296","rc":[{"ltp":1.46,"id":19924834}]}]}
{"op":"mcm","clk":"7769532517","pt":1540710082647,"mc":[{"id":"1.150321296","rc":[{"ltp":3.1,"id":2519549}]}]}
{"op":"mcm","clk":"7769548155","pt":1540710302204,"mc":[{"id":"1.150321296","rc":[{"ltp":1.47,"id":19924834}]}]}
{"op":"mcm","clk":"7769601112","pt":1540710826031,"mc":[{"id":"1.150321296","rc":[{"ltp":1.46,"id":19924834}]}]}
{"op":"mcm","clk":"7769652682","pt":1540711399974,"mc":[{"id":"1.150321296","rc":[{"ltp":3.25,"id":2519549},{"ltp":1.44,"id":19924834}]}]}
{"op":"mcm","clk":"7769679411","pt":1540711787325,"mc":[{"id":"1.150321296","rc":[{"ltp":3.15,"id":2519549},{"ltp":1.47,"id":19924834}]}]}
{"op":"mcm","clk":"7769684372","pt":1540711847655,"mc":[{"id":"1.150321296","rc":[{"ltp":1.46,"id":19924834}]}]}
{"op":"mcm","clk":"7769686720","pt":1540711879929,"mc":[{"id":"1.150321296","rc":[{"ltp":1.47,"id":19924834}]}]}
{"op":"mcm","clk":"7769761262","pt":1540712669939,"mc":[{"id":"1.150321296","rc":[{"ltp":1.46,"id":19924834}]}]}
{"op":"mcm","clk":"7769790960","pt":1540713047324,"mc":[{"id":"1.150321296","rc":[{"ltp":1.45,"id":19924834}]}]}
{"op":"mcm","clk":"7769832362","pt":1540713458477,"mc":[{"id":"1.150321296","rc":[{"ltp":1.46,"id":19924834}]}]}
{"op":"mcm","clk":"7769836600","pt":1540713520506,"mc":[{"id":"1.150321296","rc":[{"ltp":1.47,"id":19924834}]}]}
{"op":"mcm","clk":"7769850143","pt":1540713739261,"mc":[{"id":"1.150321296","rc":[{"ltp":3.1,"id":2519549}]}]}
{"op":"mcm","clk":"7769983989","pt":1540715098091,"mc":[{"id":"1.150321296","rc":[{"ltp":1.46,"id":19924834}]}]}
{"op":"mcm","clk":"7770009213","pt":1540715414299,"mc":[{"id":"1.150321296","rc":[{"ltp":3.15,"id":2519549}]}]}
{"op":"mcm","clk":"7770073593","pt":1540716021689,"mc":[{"id":"1.150321296","rc":[{"ltp":1.45,"id":19924834}]}]}
{"op":"mcm","clk":"7770105470","pt":1540716396943,"mc":[{"id":"1.150321296","rc":[{"ltp":1.46,"id":19924834}]}]}
{"op":"mcm","clk":"7770116386","pt":1540716519876,"mc":[{"id":"1.150321296","rc":[{"ltp":1.47,"id":19924834}]}]}
{"op":"mcm","clk":"7770176473","pt":1540717035114,"mc":[{"id":"1.150321296","rc":[{"ltp":1.45,"id":19924834}]}]}
{"op":"mcm","clk":"7770188716","pt":1540717175565,"mc":[{"id":"1.150321296","rc":[{"ltp":3.1,"id":2519549}]}]}
{"op":"mcm","clk":"7770256876","pt":1540717771684,"mc":[{"id":"1.150321296","rc":[{"ltp":3.15,"id":2519549}]}]}
{"op":"mcm","clk":"7770264222","pt":1540717841638,"mc":[{"id":"1.150321296","rc":[{"ltp":1.47,"id":19924834}]}]}
{"op":"mcm","clk":"7770271112","pt":1540717908020,"mc":[{"id":"1.150321296","rc":[{"ltp":1.46,"id":19924834}]}]}
{"op":"mcm","clk":"7770274146","pt":1540717936667,"mc":[{"id":"1.150321296","rc":[{"ltp":1.45,"id":19924834}]}]}
{"op":"mcm","clk":"7770302620","pt":1540718206859,"mc":[{"id":"1.150321296","rc":[{"ltp":1.46,"id":19924834}]}]}
{"op":"mcm","clk":"7770382105","pt":1540718807083,"mc":[{"id":"1.150321296","rc":[{"ltp":1.47,"id":19924834}]}]}
{"op":"mcm","clk":"7770409100","pt":1540719037481,"mc":[{"id":"1.150321296","rc":[{"ltp":1.45,"id":19924834}]}]}
{"op":"mcm","clk":"7770502753","pt":1540719706552,"mc":[{"id":"1.150321296","rc":[{"ltp":1.46,"id":19924834}]}]}
{"op":"mcm","clk":"7770510288","pt":1540719772654,"mc":[{"id":"1.150321296","rc":[{"ltp":1.47,"id":19924834}]}]}
{"op":"mcm","clk":"7770523425","pt":1540719884195,"mc":[{"id":"1.150321296","rc":[{"ltp":3.1,"id":2519549},{"ltp":1.48,"id":19924834}]}]}
{"op":"mcm","clk":"7770556352","pt":1540720142738,"mc":[{"id":"1.150321296","rc":[{"ltp":1.49,"id":19924834}]}]}
{"op":"mcm","clk":"7770618861","pt":1540720536384,"mc":[{"id":"1.150321296","rc":[{"ltp":1.48,"id":19924834}]}]}
{"op":"mcm","clk":"7770675210","pt":1540720964134,"mc":[{"id":"1.150321296","rc":[{"ltp":3.05,"id":2519549},{"ltp":1.49,"id":19924834}]}]}
{"op":"mcm","clk":"7770681660","pt":1540721010858,"mc":[{"id":"1.150321296","rc":[{"ltp":3.0,"id":2519549},{"ltp":1.48,"id":19924834}]}]}
{"op":"mcm","clk":"7770748802","pt":1540721402778,"mc":[{"id":"1.150321296","rc":[{"ltp":3.1,"id":2519549}]}]}
{"op":"mcm","clk":"7770793119","pt":1540721707651,"mc":[{"id":"1.150321296","rc":[{"ltp":3.0,"id":2519549}]}]}
{"op":"mcm","clk":"7770838614","pt":1540722030849,"mc":[{"id":"1.150321296","rc":[{"ltp":1.49,"id":19924834}]}]}
{"op":"mcm","clk":"7770867460","pt":1540722139460,"mc":[{"id":"1.150321296","rc":[{"ltp":1.48,"id":19924834}]}]}
{"op":"mcm","clk":"7770999519","pt":1540723017891,"mc":[{"id":"1.150321296","rc":[{"ltp":1.5,"id":19924834}]}]}
{"op":"mcm","clk":"7771097594","pt":1540723547677,"mc":[{"id":"1.150321296","rc":[{"ltp":1.51,"id":19924834}]}]}
{"op":"mcm","clk":"7771105987","pt":1540723599841,"mc":[{"id":"1.150321296","rc":[{"ltp":1.49,"id":19924834}]}]}
{"op":"mcm","clk":"7771113433","pt":1540723647859,"mc":[{"id":"1.150321296","rc":[{"ltp":1.5,"id":19924834}]}]}
{"op":"mcm","clk":"7771142213","pt":1540723843276,"mc":[{"id":"1.150321296","rc":[{"ltp":2.98,"id":2519549},{"ltp":1.52,"id":19924834}]}]}
{"op":"mcm","clk":"7771189228","pt":1540724081521,"mc":[{"id":"1.150321296","rc":[{"ltp":1.51,"id":19924834}]}]}
{"op":"mcm","clk":"7771259862","pt":1540724517743,"mc":[{"id":"1.150321296","rc":[{"ltp":1.5,"id":19924834}]}]}
{"op":"mcm","clk":"7771289063","pt":1540724678116,"mc":[{"id":"1.150321296","rc":[{"ltp":2.96,"id":2519549},{"ltp":1.51,"id":19924834}]}]}
{"op":"mcm","clk":"7771312858","pt":1540724804959,"mc":[{"id":"1.150321296","rc":[{"ltp":1.5,"id":19924834}]}]}
{"op":"mcm","clk":"7771459378","pt":1540725526436,"mc":[{"id":"1.150321296","rc":[{"ltp":1.51,"id":19924834}]}]}
{"op":"mcm","clk":"7771491843","pt":1540725703660,"mc":[{"id":"1.150321296","rc":[{"ltp":1.5,"id":19924834}]}]}
{"op":"mcm","clk":"7771537015","pt":1540725883489,"mc":[{"id":"1.150321296","rc":[{"ltp":2.98,"id":2519549},{"ltp":1.51,"id":19924834}]}]}
{"op":"mcm","clk":"7771557408","pt":1540725994918,"mc":[{"id":"1.150321296","rc":[{"ltp":1.52,"id":19924834}]}]}
{"op":"mcm","clk":"7771569037","pt":1540726061980,"mc":[{"id":"1.150321296","rc":[{"ltp":1.51,"id":19924834}]}]}
{"op":"mcm","clk":"7771601633","pt":1540726233362,"mc":[{"id":"1.150321296","rc":[{"ltp":1.52,"id":19924834}]}]}
{"op":"mcm","clk":"7771612696","pt":1540726292302,"mc":[{"id":"1.150321296","rc":[{"ltp":1.51,"id":19924834}]}]}
{"op":"mcm","clk":"7771624409","pt":1540726358381,"mc":[{"id":"1.150321296","rc":[{"ltp":1.52,"id":19924834}]}]}
{"op":"mcm","clk":"7771636735","pt":1540726426851,"mc":[{"id":"1.150321296","rc":[{"ltp":1.51,"id":19924834}]}]}
{"op":"mcm","clk":"7771715805","pt":1540726782364,"mc":[{"id":"1.150321296","rc":[{"ltp":1.5,"id":19924834}]}]}
{"op":"mcm","clk":"7771741605","pt":1540726928420,"mc":[{"id":"1.150321296","rc":[{"ltp":1.51,"id":19924834}]}]}
{"op":"mcm","clk":"7771766103","pt":1540727071353,"mc":[{"id":"1.150321296","rc":[{"ltp":1.5,"id":19924834}]}]}
{"op":"mcm","clk":"7771780598","pt":1540727147532,"mc":[{"id":"1.150321296","rc":[{"ltp":1.51,"id":19924834}]}]}
{"op":"mcm","clk":"7771808867","pt":1540727317935,"mc":[{"id":"1.150321296","rc":[{"ltp":1.5,"id":19924834}]}]}
{"op":"mcm","clk":"7771836093","pt":1540727505306,"mc":[{"id":"1.150321296","rc":[{"ltp":1.51,"id":19924834}]}]}
{"op":"mcm","clk":"7771874717","pt":1540727674687,"mc":[{"id":"1.150321296","rc":[{"ltp":3.0,"id":2519549},{"ltp":1.49,"id":19924834}]}]}
{"op":"mcm","clk":"7771891592","pt":1540727789404,"mc":[{"id":"1.150321296","rc":[{"ltp":1.5,"id":19924834}]}]}
{"op":"mcm","clk":"7771984912","pt":1540728346683,"mc":[{"id":"1.150321296","rc":[{"ltp":1.49,"id":19924834}]}]}
{"op":"mcm","clk":"7771986505","pt":1540728356397,"mc":[{"id":"1.150321296","rc":[{"ltp":1.5,"id":19924834}]}]}
{"op":"mcm","clk":"7772017283","pt":1540728462293,"mc":[{"id":"1.150321296","rc":[{"ltp":1.49,"id":19924834}]}]}
{"op":"mcm","clk":"7772040528","pt":1540728586508,"mc":[{"id":"1.150321296","rc":[{"ltp":2.98,"id":2519549},{"ltp":1.52,"id":19924834}]}]}
{"op":"mcm","clk":"7772051950","pt":1540728648377,"mc":[{"id":"1.150321296","rc":[{"ltp":2.88,"id":2519549},{"ltp":1.54,"id":19924834}]}]}
{"op":"mcm","clk":"7772062367","pt":1540728707994,"mc":[{"id":"1.150321296","rc":[{"ltp":2.84,"id":2519549}]}]}
{"op":"mcm","clk":"7772071481","pt":1540728756678,"mc":[{"id":"1.150321296","rc":[{"ltp":1.53,"id":19924834}]}]}
{"op":"mcm","clk":"7772083569","pt":1540728824940,"mc":[{"id":"1.150321296","rc":[{"ltp":1.54,"id":19924834}]}]}
{"op":"mcm","clk":"7772095234","pt":1540728887490,"mc":[{"id":"1.150321296","rc":[{"ltp":2.88,"id":2519549},{"ltp":1.53,"id":19924834}]}]}
{"op":"mcm","clk":"7772118150","pt":1540729005269,"mc":[{"id":"1.150321296","rc":[{"ltp":1.54,"id":19924834}]}]}
{"op":"mcm","clk":"7772128682","pt":1540729064414,"mc":[{"id":"1.150321296","rc":[{"ltp":1.53,"id":19924834}]}]}
{"op":"mcm","clk":"7772140093","pt":1540729125921,"mc":[{"id":"1.150321296","rc":[{"ltp":2.8,"id":2519549},{"ltp":1.55,"id":19924834}]}]}
{"op":"mcm","clk":"7772148410","pt":1540729170910,"mc":[{"id":"1.150321296","rc":[{"ltp":2.82,"id":2519549}]}]}
{"op":"mcm","clk":"7772159442","pt":1540729233502,"mc":[{"id":"1.150321296","rc":[{"ltp":1.54,"id":19924834}]}]}
{"op":"mcm","clk":"7772196350","pt":1540729365066,"mc":[{"id":"1.150321296","rc":[{"ltp":2.8,"id":2519549}]}]}
{"op":"mcm","clk":"7772219184","pt":1540729488105,"mc":[{"id":"1.150321296","rc":[{"ltp":1.53,"id":19924834}]}]}
{"op":"mcm","clk":"7772240301","pt":1540729603822,"mc":[{"id":"1.150321296","rc":[{"ltp":1.54,"id":19924834}]}]}
{"op":"mcm","clk":"7772250831","pt":1540729667445,"mc":[{"id":"1.150321296","rc":[{"ltp":1.53,"id":19924834}]}]}
{"op":"mcm","clk":"7772259705","pt":1540729720584,"mc":[{"id":"1.150321296","rc":[{"ltp":2.86,"id":2519549}]}]}
{"op":"mcm","clk":"7772308830","pt":1540729968368,"mc":[{"id":"1.150321296","rc":[{"ltp":1.54,"id":19924834}]}]}
{"op":"mcm","clk":"7772320535","pt":1540730026252,"mc":[{"id":"1.150321296","rc":[{"ltp":2.88,"id":2519549},{"ltp":1.53,"id":19924834}]}]}
{"op":"mcm","clk":"7772330771","pt":1540730076510,"mc":[{"id":"1.150321296","rc":[{"ltp":2.9,"id":2519549}]}]}
{"op":"mcm","clk":"7772355264","pt":1540730197261,"mc":[{"id":"1.150321296","rc":[{"ltp":1.52,"id":19924834}]}]}
{"op":"mcm","clk":"7772381767","pt":1540730262992,"mc":[{"id":"1.150321296","rc":[{"ltp":1.53,"id":19924834}]}]}
{"op":"mcm","clk":"7772395694","pt":1540730327141,"mc":[{"id":"1.150321296","rc":[{"ltp":1.52,"id":19924834}]}]}
{"op":"mcm","clk":"7772417937","pt":1540730443466,"mc":[{"id":"1.150321296","rc":[{"ltp":2.92,"id":2519549},{"ltp":1.53,"id":19924834}]}]}
{"op":"mcm","clk":"7772430240","pt":1540730504517,"mc":[{"id":"1.150321296","rc":[{"ltp":2.9,"id":2519549},{"ltp":1.52,"id":19924834}]}]}
{"op":"mcm","clk":"7772455406","pt":1540730623103,"mc":[{"id":"1.150321296","rc":[{"ltp":2.94,"id":2519549}]}]}
{"op":"mcm","clk":"7772465161","pt":1540730670870,"mc":[{"id":"1.150321296","rc":[{"ltp":2.92,"id":2519549}]}]}
{"op":"mcm","clk":"7772480683","pt":1540730748109,"mc":[{"id":"1.150321296","rc":[{"ltp":2.94,"id":2519549}]}]}
{"op":"mcm","clk":"7772493290","pt":1540730808305,"mc":[{"id":"1.150321296","rc":[{"ltp":1.51,"id":19924834}]}]}
{"op":"mcm","clk":"7772505056","pt":1540730867432,"mc":[{"id":"1.150321296","rc":[{"ltp":2.98,"id":2519549}]}]}
{"op":"mcm","clk":"7772516354","pt":1540730927549,"mc":[{"id":"1.150321296","rc":[{"ltp":3.0,"id":2519549},{"ltp":1.5,"id":19924834}]}]}
{"op":"mcm","clk":"7772527864","pt":1540730987281,"mc":[{"id":"1.150321296","rc":[{"ltp":2.98,"id":2519549}]}]}
{"op":"mcm","clk":"7772539038","pt":1540731047173,"mc":[{"id":"1.150321296","rc":[{"ltp":2.92,"id":2519549},{"ltp":1.52,"id":19924834}]}]}
{"op":"mcm","clk":"7772573966","pt":1540731166743,"mc":[{"id":"1.150321296","rc":[{"ltp":1.51,"id":19924834}]}]}
{"op":"mcm","clk":"7772584352","pt":1540731222202,"mc":[{"id":"1.150321296","marketDefinition":{"bspMarket":false,"turnInPlayEnabled":true,"persistenceEnabled":true,"marketBaseRate":5.0,"eventId":"28979893","eventTypeId":"2","numberOfWinners":1,"bettingType":"ODDS","marketType":"MATCH_ODDS","marketTime":"2018-10-28T12:52:00.000Z","suspendTime":"2018-10-28T12:52:00.000Z","bspReconciled":false,"complete":true,"inPlay":false,"crossMatching":true,"runnersVoidable":false,"numberOfActiveRunners":2,"betDelay":0,"status":"OPEN","runners":[{"status":"ACTIVE","sortPriority":1,"id":19924834,"name":"Kei Nishikori"},{"status":"ACTIVE","sortPriority":2,"id":2519549,"name":"Kevin Anderson"}],"regulators":["MR_INT"],"countryCode":"AT","discountAllowed":true,"timezone":"UTC","openDate":"2018-10-28T12:52:00.000Z","version":2481987474,"name":"Match Odds","eventName":"18746349"},"rc":[{"ltp":2.94,"id":2519549},{"ltp":1.52,"id":19924834}]}]}
{"op":"mcm","clk":"7772595706","pt":1540731286985,"mc":[{"id":"1.150321296","rc":[{"ltp":2.88,"id":2519549},{"ltp":1.53,"id":19924834}]}]}
{"op":"mcm","clk":"7772614498","pt":1540731401000,"mc":[{"id":"1.150321296","rc":[{"ltp":2.86,"id":2519549},{"ltp":1.54,"id":19924834}]}]}
{"op":"mcm","clk":"7772624909","pt":1540731464785,"mc":[{"id":"1.150321296","rc":[{"ltp":2.88,"id":2519549},{"ltp":1.52,"id":19924834}]}]}
{"op":"mcm","clk":"7772645878","pt":1540731585406,"mc":[{"id":"1.150321296","rc":[{"ltp":2.92,"id":2519549}]}]}
{"op":"mcm","clk":"7772657068","pt":1540731645875,"mc":[{"id":"1.150321296","rc":[{"ltp":2.9,"id":2519549}]}]}
{"op":"mcm","clk":"7772666526","pt":1540731695762,"mc":[{"id":"1.150321296","rc":[{"ltp":2.88,"id":2519549},{"ltp":1.53,"id":19924834}]}]}
{"op":"mcm","clk":"7772701566","pt":1540731887317,"mc":[{"id":"1.150321296","rc":[{"ltp":2.86,"id":2519549}]}]}
{"op":"mcm","clk":"7772712816","pt":1540731948012,"mc":[{"id":"1.150321296","rc":[{"ltp":2.84,"id":2519549},{"ltp":1.52,"id":19924834}]}]}
{"op":"mcm","clk":"7772724001","pt":1540732008283,"mc":[{"id":"1.150321296","rc":[{"ltp":2.8,"id":2519549},{"ltp":1.54,"id":19924834}]}]}
{"op":"mcm","clk":"7772746985","pt":1540732068145,"mc":[{"id":"1.150321296","rc":[{"ltp":2.76,"id":2519549},{"ltp":1.56,"id":19924834}]}]}
{"op":"mcm","clk":"7772756973","pt":1540732123169,"mc":[{"id":"1.150321296","rc":[{"ltp":1.57,"id":19924834}]}]}
{"op":"mcm","clk":"7772790169","pt":1540732307409,"mc":[{"id":"1.150321296","rc":[{"ltp":2.72,"id":2519549},{"ltp":1.58,"id":19924834}]}]}
{"op":"mcm","clk":"7772801707","pt":1540732368058,"mc":[{"id":"1.150321296","marketDefinition":{"bspMarket":false,"turnInPlayEnabled":true,"persistenceEnabled":true,"marketBaseRate":5.0,"eventId":"28979893","eventTypeId":"2","numberOfWinners":1,"bettingType":"ODDS","marketType":"MATCH_ODDS","marketTime":"2018-10-28T12:52:00.000Z","suspendTime":"2018-10-28T12:52:00.000Z","bspReconciled":false,"complete":true,"inPlay":true,"crossMatching":true,"runnersVoidable":false,"numberOfActiveRunners":2,"betDelay":5,"status":"OPEN","runners":[{"status":"ACTIVE","sortPriority":1,"id":19924834,"name":"Kei Nishikori"},{"status":"ACTIVE","sortPriority":2,"id":2519549,"name":"Kevin Anderson"}],"regulators":["MR_INT"],"countryCode":"AT","discountAllowed":true,"timezone":"UTC","openDate":"2018-10-28T12:52:00.000Z","version":2482058193,"name":"Match Odds","eventName":"18746349"},"rc":[{"ltp":1.55,"id":19924834}]}]}
{"op":"mcm","clk":"7772813565","pt":1540732428120,"mc":[{"id":"1.150321296","rc":[{"ltp":2.6,"id":2519549},{"ltp":1.63,"id":19924834}]}]}
{"op":"mcm","clk":"7772825063","pt":1540732488346,"mc":[{"id":"1.150321296","rc":[{"ltp":2.72,"id":2519549},{"ltp":1.58,"id":19924834}]}]}
{"op":"mcm","clk":"7772837175","pt":1540732548059,"mc":[{"id":"1.150321296","rc":[{"ltp":2.76,"id":2519549}]}]}
{"op":"mcm","clk":"7772848516","pt":1540732608375,"mc":[{"id":"1.150321296","rc":[{"ltp":2.6,"id":2519549},{"ltp":1.62,"id":19924834}]}]}
{"op":"mcm","clk":"7772858799","pt":1540732668351,"mc":[{"id":"1.150321296","rc":[{"ltp":2.56,"id":2519549},{"ltp":1.63,"id":19924834}]}]}
{"op":"mcm","clk":"7772868752","pt":1540732728247,"mc":[{"id":"1.150321296","rc":[{"ltp":2.48,"id":2519549},{"ltp":1.66,"id":19924834}]}]}
{"op":"mcm","clk":"7772879546","pt":1540732788242,"mc":[{"id":"1.150321296","rc":[{"ltp":2.22,"id":2519549},{"ltp":1.81,"id":19924834}]}]}
{"op":"mcm","clk":"7772890954","pt":1540732848295,"mc":[{"id":"1.150321296","rc":[{"ltp":1.67,"id":19924834}]}]}
{"op":"mcm","clk":"7772902452","pt":1540732907919,"mc":[{"id":"1.150321296","rc":[{"ltp":2.4,"id":2519549},{"ltp":1.72,"id":19924834}]}]}
{"op":"mcm","clk":"7772925756","pt":1540732968218,"mc":[{"id":"1.150321296","rc":[{"ltp":2.64,"id":2519549},{"ltp":1.61,"id":19924834}]}]}
{"op":"mcm","clk":"7772936150","pt":1540733028323,"mc":[{"id":"1.150321296","rc":[{"ltp":2.78,"id":2519549},{"ltp":1.56,"id":19924834}]}]}
{"op":"mcm","clk":"7772946231","pt":1540733088115,"mc":[{"id":"1.150321296","rc":[{"ltp":3.1,"id":2519549},{"ltp":1.48,"id":19924834}]}]}
{"op":"mcm","clk":"7772957233","pt":1540733147821,"mc":[{"id":"1.150321296","rc":[{"ltp":3.0,"id":2519549},{"ltp":1.5,"id":19924834}]}]}
{"op":"mcm","clk":"7772967742","pt":1540733208183,"mc":[{"id":"1.150321296","rc":[{"ltp":2.78,"id":2519549},{"ltp":1.56,"id":19924834}]}]}
{"op":"mcm","clk":"7772978430","pt":1540733268364,"mc":[{"id":"1.150321296","rc":[{"ltp":2.46,"id":2519549},{"ltp":1.69,"id":19924834}]}]}
{"op":"mcm","clk":"7772989020","pt":1540733328332,"mc":[{"id":"1.150321296","rc":[{"ltp":1.67,"id":19924834}]}]}
{"op":"mcm","clk":"7772999454","pt":1540733387855,"mc":[{"id":"1.150321296","rc":[{"ltp":1.68,"id":19924834}]}]}
{"op":"mcm","clk":"7773011952","pt":1540733448017,"mc":[{"id":"1.150321296","rc":[{"ltp":2.44,"id":2519549},{"ltp":1.69,"id":19924834}]}]}
{"op":"mcm","clk":"7773025701","pt":1540733508381,"mc":[{"id":"1.150321296","rc":[{"ltp":1.97,"id":2519549},{"ltp":2.02,"id":19924834}]}]}
{"op":"mcm","clk":"7773038471","pt":1540733568323,"mc":[{"id":"1.150321296","rc":[{"ltp":2.08,"id":2519549},{"ltp":1.91,"id":19924834}]}]}
{"op":"mcm","clk":"7773050946","pt":1540733628210,"mc":[{"id":"1.150321296","rc":[{"ltp":2.5,"id":2519549},{"ltp":1.67,"id":19924834}]}]}
{"op":"mcm","clk":"7773064258","pt":1540733688272,"mc":[{"id":"1.150321296","rc":[{"ltp":2.28,"id":2519549},{"ltp":1.75,"id":19924834}]}]}
{"op":"mcm","clk":"7773076945","pt":1540733748224,"mc":[{"id":"1.150321296","rc":[{"ltp":2.3,"id":2519549},{"ltp":1.78,"id":19924834}]}]}
{"op":"mcm","clk":"7773089570","pt":1540733808281,"mc":[{"id":"1.150321296","rc":[{"ltp":2.44,"id":2519549},{"ltp":1.69,"id":19924834}]}]}
{"op":"mcm","clk":"7773114262","pt":1540733868125,"mc":[{"id":"1.150321296","rc":[{"ltp":2.24,"id":2519549},{"ltp":1.8,"id":19924834}]}]}
{"op":"mcm","clk":"7773127867","pt":1540733928245,"mc":[{"id":"1.150321296","rc":[{"ltp":2.22,"id":2519549},{"ltp":1.81,"id":19924834}]}]}
{"op":"mcm","clk":"7773153169","pt":1540734048289,"mc":[{"id":"1.150321296","rc":[{"ltp":2.06,"id":2519549},{"ltp":1.93,"id":19924834}]}]}
{"op":"mcm","clk":"7773164894","pt":1540734108323,"mc":[{"id":"1.150321296","rc":[{"ltp":2.3,"id":2519549},{"ltp":1.75,"id":19924834}]}]}
{"op":"mcm","clk":"7773175784","pt":1540734168310,"mc":[{"id":"1.150321296","rc":[{"ltp":2.16,"id":2519549},{"ltp":1.87,"id":19924834}]}]}
{"op":"mcm","clk":"7773187559","pt":1540734228373,"mc":[{"id":"1.150321296","rc":[{"ltp":1.62,"id":2519549},{"ltp":2.32,"id":19924834}]}]}
{"op":"mcm","clk":"7773199402","pt":1540734288338,"mc":[{"id":"1.150321296","rc":[{"ltp":1.56,"id":2519549},{"ltp":2.78,"id":19924834}]}]}
{"op":"mcm","clk":"7773211718","pt":1540734348120,"mc":[{"id":"1.150321296","rc":[{"ltp":1.57,"id":2519549}]}]}
{"op":"mcm","clk":"7773223748","pt":1540734408213,"mc":[{"id":"1.150321296","rc":[{"ltp":1.51,"id":2519549},{"ltp":2.96,"id":19924834}]}]}
{"op":"mcm","clk":"7773235887","pt":1540734467882,"mc":[{"id":"1.150321296","rc":[{"ltp":2.98,"id":19924834}]}]}
{"op":"mcm","clk":"7773246874","pt":1540734527713,"mc":[{"id":"1.150321296","rc":[{"ltp":1.5,"id":2519549},{"ltp":3.0,"id":19924834}]}]}
{"op":"mcm","clk":"7773258179","pt":1540734588289,"mc":[{"id":"1.150321296","rc":[{"ltp":1.56,"id":2519549},{"ltp":2.78,"id":19924834}]}]}
{"op":"mcm","clk":"7773269832","pt":1540734648134,"mc":[{"id":"1.150321296","rc":[{"ltp":1.65,"id":2519549},{"ltp":2.5,"id":19924834}]}]}
{"op":"mcm","clk":"7773281044","pt":1540734708219,"mc":[{"id":"1.150321296","rc":[{"ltp":1.59,"id":2519549},{"ltp":2.66,"id":19924834}]}]}
{"op":"mcm","clk":"7773304423","pt":1540734768370,"mc":[{"id":"1.150321296","rc":[{"ltp":1.61,"id":2519549},{"ltp":2.84,"id":19924834}]}]}
{"op":"mcm","clk":"7773316563","pt":1540734828328,"mc":[{"id":"1.150321296","rc":[{"ltp":1.82,"id":2519549},{"ltp":2.2,"id":19924834}]}]}
{"op":"mcm","clk":"7773329359","pt":1540734888204,"mc":[{"id":"1.150321296","rc":[{"ltp":1.69,"id":2519549},{"ltp":2.5,"id":19924834}]}]}
{"op":"mcm","clk":"7773341248","pt":1540734948322,"mc":[{"id":"1.150321296","rc":[{"ltp":1.51,"id":2519549},{"ltp":2.96,"id":19924834}]}]}
{"op":"mcm","clk":"7773353016","pt":1540735008024,"mc":[{"id":"1.150321296","rc":[{"ltp":1.55,"id":2519549},{"ltp":2.82,"id":19924834}]}]}
{"op":"mcm","clk":"7773363933","pt":1540735067293,"mc":[{"id":"1.150321296","rc":[{"ltp":1.53,"id":2519549},{"ltp":2.92,"id":19924834}]}]}
{"op":"mcm","clk":"7773375140","pt":1540735128345,"mc":[{"id":"1.150321296","rc":[{"ltp":1.55,"id":2519549},{"ltp":2.84,"id":19924834}]}]}
{"op":"mcm","clk":"7773386631","pt":1540735188286,"mc":[{"id":"1.150321296","rc":[{"ltp":1.58,"id":2519549},{"ltp":2.7,"id":19924834}]}]}
{"op":"mcm","clk":"7773398735","pt":1540735248122,"mc":[{"id":"1.150321296","rc":[{"ltp":1.48,"id":2519549},{"ltp":3.1,"id":19924834}]}]}
{"op":"mcm","clk":"7773411704","pt":1540735308027,"mc":[{"id":"1.150321296","rc":[{"ltp":1.51,"id":2519549},{"ltp":2.96,"id":19924834}]}]}
{"op":"mcm","clk":"7773424145","pt":1540735367952,"mc":[{"id":"1.150321296","rc":[{"ltp":1.63,"id":2519549},{"ltp":2.64,"id":19924834}]}]}
{"op":"mcm","clk":"7773437515","pt":1540735428331,"mc":[{"id":"1.150321296","rc":[{"ltp":1.65,"id":2519549},{"ltp":2.52,"id":19924834}]}]}
{"op":"mcm","clk":"7773450379","pt":1540735488302,"mc":[{"id":"1.150321296","rc":[{"ltp":1.53,"id":2519549},{"ltp":2.92,"id":19924834}]}]}
{"op":"mcm","clk":"7773463935","pt":1540735548348,"mc":[{"id":"1.150321296","rc":[{"ltp":1.67,"id":2519549},{"ltp":2.6,"id":19924834}]}]}
{"op":"mcm","clk":"7773477304","pt":1540735608332,"mc":[{"id":"1.150321296","rc":[{"ltp":1.65,"id":2519549},{"ltp":2.64,"id":19924834}]}]}
{"op":"mcm","clk":"7773503057","pt":1540735668180,"mc":[{"id":"1.150321296","rc":[{"ltp":1.54,"id":2519549},{"ltp":2.8,"id":19924834}]}]}
{"op":"mcm","clk":"7773516303","pt":1540735728343,"mc":[{"id":"1.150321296","rc":[{"ltp":1.53,"id":2519549},{"ltp":2.9,"id":19924834}]}]}
{"op":"mcm","clk":"7773529104","pt":1540735788352,"mc":[{"id":"1.150321296","rc":[{"ltp":1.55,"id":2519549},{"ltp":2.82,"id":19924834}]}]}
{"op":"mcm","clk":"7773542801","pt":1540735848254,"mc":[{"id":"1.150321296","rc":[{"ltp":1.58,"id":2519549},{"ltp":2.74,"id":19924834}]}]}
{"op":"mcm","clk":"7773557010","pt":1540735908123,"mc":[{"id":"1.150321296","rc":[{"ltp":1.64,"id":2519549},{"ltp":2.56,"id":19924834}]}]}
{"op":"mcm","clk":"7773571113","pt":1540735968378,"mc":[{"id":"1.150321296","rc":[{"ltp":1.68,"id":2519549},{"ltp":2.44,"id":19924834}]}]}
{"op":"mcm","clk":"7773584285","pt":1540736028315,"mc":[{"id":"1.150321296","rc":[{"ltp":1.64,"id":2519549},{"ltp":2.56,"id":19924834}]}]}
{"op":"mcm","clk":"7773598259","pt":1540736088265,"mc":[{"id":"1.150321296","rc":[{"ltp":1.59,"id":2519549},{"ltp":2.72,"id":19924834}]}]}
{"op":"mcm","clk":"7773612311","pt":1540736148166,"mc":[{"id":"1.150321296","rc":[{"ltp":1.6,"id":2519549},{"ltp":2.66,"id":19924834}]}]}
{"op":"mcm","clk":"7773625825","pt":1540736208373,"mc":[{"id":"1.150321296","rc":[{"ltp":1.61,"id":2519549}]}]}
{"op":"mcm","clk":"7773638713","pt":1540736268327,"mc":[{"id":"1.150321296","rc":[{"ltp":1.69,"id":2519549},{"ltp":2.46,"id":19924834}]}]}
{"op":"mcm","clk":"7773650836","pt":1540736328299,"mc":[{"id":"1.150321296","rc":[{"ltp":1.71,"id":2519549},{"ltp":2.42,"id":19924834}]}]}
{"op":"mcm","clk":"7773662807","pt":1540736388220,"mc":[{"id":"1.150321296","rc":[{"ltp":1.62,"id":2519549},{"ltp":2.56,"id":19924834}]}]}
{"op":"mcm","clk":"7773674681","pt":1540736447894,"mc":[{"id":"1.150321296","rc":[{"ltp":1.68,"id":2519549},{"ltp":2.48,"id":19924834}]}]}
{"op":"mcm","clk":"7773686750","pt":1540736508266,"mc":[{"id":"1.150321296","rc":[{"ltp":1.77,"id":2519549},{"ltp":2.28,"id":19924834}]}]}
{"op":"mcm","clk":"7773710258","pt":1540736568313,"mc":[{"id":"1.150321296","rc":[{"ltp":1.69,"id":2519549},{"ltp":2.44,"id":19924834}]}]}
{"op":"mcm","clk":"7773722885","pt":1540736628225,"mc":[{"id":"1.150321296","rc":[{"ltp":1.8,"id":2519549},{"ltp":2.16,"id":19924834}]}]}
{"op":"mcm","clk":"7773735364","pt":1540736688278,"mc":[{"id":"1.150321296","rc":[{"ltp":1.63,"id":2519549},{"ltp":2.58,"id":19924834}]}]}
{"op":"mcm","clk":"7773748616","pt":1540736748321,"mc":[{"id":"1.150321296","rc":[{"ltp":1.61,"id":2519549},{"ltp":2.68,"id":19924834}]}]}
{"op":"mcm","clk":"7773762389","pt":1540736808330,"mc":[{"id":"1.150321296","rc":[{"ltp":1.56,"id":2519549},{"ltp":2.78,"id":19924834}]}]}
{"op":"mcm","clk":"7773775064","pt":1540736868300,"mc":[{"id":"1.150321296","rc":[{"ltp":1.65,"id":2519549},{"ltp":2.58,"id":19924834}]}]}
{"op":"mcm","clk":"7773788469","pt":1540736928356,"mc":[{"id":"1.150321296","rc":[{"ltp":1.69,"id":2519549},{"ltp":2.46,"id":19924834}]}]}
{"op":"mcm","clk":"7773801384","pt":1540736987403,"mc":[{"id":"1.150321296","rc":[{"ltp":1.68,"id":2519549}]}]}
{"op":"mcm","clk":"7773815524","pt":1540737048374,"mc":[{"id":"1.150321296","rc":[{"ltp":1.63,"id":2519549},{"ltp":2.56,"id":19924834}]}]}
{"op":"mcm","clk":"7773828867","pt":1540737108252,"mc":[{"id":"1.150321296","rc":[{"ltp":1.56,"id":2519549},{"ltp":2.76,"id":19924834}]}]}
{"op":"mcm","clk":"7773841448","pt":1540737168226,"mc":[{"id":"1.150321296","rc":[{"ltp":1.46,"id":2519549},{"ltp":3.2,"id":19924834}]}]}
{"op":"mcm","clk":"7773854266","pt":1540737228109,"mc":[{"id":"1.150321296","rc":[{"ltp":1.34,"id":2519549},{"ltp":4.0,"id":19924834}]}]}
{"op":"mcm","clk":"7773867905","pt":1540737288278,"mc":[{"id":"1.150321296","rc":[{"ltp":1.5,"id":2519549},{"ltp":2.96,"id":19924834}]}]}
{"op":"mcm","clk":"7773881518","pt":1540737347955,"mc":[{"id":"1.150321296","rc":[{"ltp":1.59,"id":2519549},{"ltp":2.66,"id":19924834}]}]}
{"op":"mcm","clk":"7773895374","pt":1540737408301,"mc":[{"id":"1.150321296","rc":[{"ltp":1.65,"id":2519549},{"ltp":2.52,"id":19924834}]}]}
{"op":"mcm","clk":"7773920184","pt":1540737468372,"mc":[{"id":"1.150321296","rc":[{"ltp":2.5,"id":19924834}]}]}
{"op":"mcm","clk":"7773933808","pt":1540737528189,"mc":[{"id":"1.150321296","rc":[{"ltp":1.61,"id":2519549},{"ltp":2.64,"id":19924834}]}]}
{"op":"mcm","clk":"7773946699","pt":1540737588260,"mc":[{"id":"1.150321296","rc":[{"ltp":1.52,"id":2519549},{"ltp":2.9,"id":19924834}]}]}
{"op":"mcm","clk":"7773959648","pt":1540737648360,"mc":[{"id":"1.150321296","rc":[{"ltp":1.44,"id":2519549},{"ltp":3.25,"id":19924834}]}]}
{"op":"mcm","clk":"7773972988","pt":1540737708283,"mc":[{"id":"1.150321296","rc":[{"ltp":1.3,"id":2519549},{"ltp":4.3,"id":19924834}]}]}
{"op":"mcm","clk":"7773987528","pt":1540737768297,"mc":[{"id":"1.150321296","rc":[{"ltp":1.48,"id":2519549},{"ltp":3.05,"id":19924834}]}]}
{"op":"mcm","clk":"7774002495","pt":1540737828344,"mc":[{"id":"1.150321296","rc":[{"ltp":1.31,"id":2519549},{"ltp":4.2,"id":19924834}]}]}
{"op":"mcm","clk":"7774016294","pt":1540737888159,"mc":[{"id":"1.150321296","rc":[{"ltp":1.48,"id":2519549},{"ltp":3.1,"id":19924834}]}]}
{"op":"mcm","clk":"7774029964","pt":1540737948258,"mc":[{"id":"1.150321296","rc":[{"ltp":1.56,"id":2519549},{"ltp":2.78,"id":19924834}]}]}
{"op":"mcm","clk":"7774043225","pt":1540738008365,"mc":[{"id":"1.150321296","rc":[{"ltp":1.63,"id":2519549},{"ltp":2.58,"id":19924834}]}]}
{"op":"mcm","clk":"7774055731","pt":1540738068376,"mc":[{"id":"1.150321296","rc":[{"ltp":1.62,"id":2519549}]}]}
{"op":"mcm","clk":"7774067297","pt":1540738128118,"mc":[{"id":"1.150321296","rc":[{"ltp":1.66,"id":2519549},{"ltp":2.52,"id":19924834}]}]}
{"op":"mcm","clk":"7774077985","pt":1540738187848,"mc":[{"id":"1.150321296","rc":[{"ltp":1.59,"id":2519549},{"ltp":2.76,"id":19924834}]}]}
{"op":"mcm","clk":"7774088977","pt":1540738248292,"mc":[{"id":"1.150321296","rc":[{"ltp":1.58,"id":2519549},{"ltp":2.72,"id":19924834}]}]}
{"op":"mcm","clk":"7774099897","pt":1540738308314,"mc":[{"id":"1.150321296","rc":[{"ltp":1.53,"id":2519549},{"ltp":2.92,"id":19924834}]}]}
{"op":"mcm","clk":"7774121970","pt":1540738368278,"mc":[{"id":"1.150321296","rc":[{"ltp":1.62,"id":2519549},{"ltp":2.56,"id":19924834}]}]}
{"op":"mcm","clk":"7774132559","pt":1540738428218,"mc":[{"id":"1.150321296","rc":[{"ltp":1.65,"id":2519549},{"ltp":2.58,"id":19924834}]}]}
{"op":"mcm","clk":"7774142884","pt":1540738488049,"mc":[{"id":"1.150321296","rc":[{"ltp":1.64,"id":2519549},{"ltp":2.56,"id":19924834}]}]}
{"op":"mcm","clk":"7774154155","pt":1540738548316,"mc":[{"id":"1.150321296","rc":[{"ltp":1.57,"id":2519549},{"ltp":2.8,"id":19924834}]}]}
{"op":"mcm","clk":"7774164888","pt":1540738607801,"mc":[{"id":"1.150321296","rc":[{"ltp":1.51,"id":2519549},{"ltp":2.98,"id":19924834}]}]}
{"op":"mcm","clk":"7774175874","pt":1540738668084,"mc":[{"id":"1.150321296","rc":[{"ltp":1.58,"id":2519549},{"ltp":2.76,"id":19924834}]}]}
{"op":"mcm","clk":"7774186725","pt":1540738728131,"mc":[{"id":"1.150321296","rc":[{"ltp":1.5,"id":2519549},{"ltp":3.0,"id":19924834}]}]}
{"op":"mcm","clk":"7774198503","pt":1540738788378,"mc":[{"id":"1.150321296","rc":[{"ltp":1.3,"id":2519549},{"ltp":4.3,"id":19924834}]}]}
{"op":"mcm","clk":"7774210910","pt":1540738848309,"mc":[{"id":"1.150321296","rc":[{"ltp":1.15,"id":2519549},{"ltp":5.7,"id":19924834}]}]}
{"op":"mcm","clk":"7774224764","pt":1540738908347,"mc":[{"id":"1.150321296","rc":[{"ltp":1.2,"id":2519549},{"ltp":6.0,"id":19924834}]}]}
{"op":"mcm","clk":"7774239009","pt":1540738968365,"mc":[{"id":"1.150321296","rc":[{"ltp":1.25,"id":2519549},{"ltp":5.0,"id":19924834}]}]}
{"op":"mcm","clk":"7774254043","pt":1540739028321,"mc":[{"id":"1.150321296","rc":[{"ltp":1.17,"id":2519549},{"ltp":7.4,"id":19924834}]}]}
{"op":"mcm","clk":"7774268568","pt":1540739088162,"mc":[{"id":"1.150321296","rc":[{"ltp":1.08,"id":2519549},{"ltp":11.0,"id":19924834}]}]}
{"op":"mcm","clk":"7774283818","pt":1540739148295,"mc":[{"id":"1.150321296","rc":[{"ltp":1.14,"id":2519549},{"ltp":8.0,"id":19924834}]}]}
{"op":"mcm","clk":"7774298317","pt":1540739208292,"mc":[{"id":"1.150321296","rc":[{"ltp":1.02,"id":2519549},{"ltp":55.0,"id":19924834}]}]}
{"op":"mcm","clk":"7774323467","pt":1540739266938,"mc":[{"id":"1.150321296","marketDefinition":{"bspMarket":false,"turnInPlayEnabled":true,"persistenceEnabled":true,"marketBaseRate":5.0,"eventId":"28979893","eventTypeId":"2","numberOfWinners":1,"bettingType":"ODDS","marketType":"MATCH_ODDS","marketTime":"2018-10-28T12:52:00.000Z","suspendTime":"2018-10-28T12:52:00.000Z","bspReconciled":false,"complete":true,"inPlay":true,"crossMatching":true,"runnersVoidable":false,"numberOfActiveRunners":2,"betDelay":5,"status":"SUSPENDED","runners":[{"status":"ACTIVE","sortPriority":1,"id":19924834,"name":"Kei Nishikori"},{"status":"ACTIVE","sortPriority":2,"id":2519549,"name":"Kevin Anderson"}],"regulators":["MR_INT"],"countryCode":"AT","discountAllowed":true,"timezone":"UTC","openDate":"2018-10-28T12:52:00.000Z","version":2482566149,"name":"Match Odds","eventName":"18746349"},"rc":[{"ltp":36.0,"id":19924834}]}]}
{"op":"mcm","clk":"7774330899","pt":1540739299508,"mc":[{"id":"1.150321296","marketDefinition":{"bspMarket":false,"turnInPlayEnabled":true,"persistenceEnabled":true,"marketBaseRate":5.0,"eventId":"28979893","eventTypeId":"2","numberOfWinners":1,"bettingType":"ODDS","marketType":"MATCH_ODDS","marketTime":"2018-10-28T12:52:00.000Z","suspendTime":"2018-10-28T12:52:00.000Z","bspReconciled":false,"complete":true,"inPlay":true,"crossMatching":false,"runnersVoidable":false,"numberOfActiveRunners":0,"betDelay":5,"status":"CLOSED","settledTime":"2018-10-28T15:07:43.000Z","runners":[{"status":"LOSER","sortPriority":1,"id":19924834,"name":"Kei Nishikori"},{"status":"WINNER","sortPriority":2,"id":2519549,"name":"Kevin Anderson"}],"regulators":["MR_INT"],"countryCode":"AT","discountAllowed":true,"timezone":"UTC","openDate":"2018-10-28T12:52:00.000Z","version":2482568339,"name":"Match Odds","eventName":"18746349"}}]}
