{"op":"mcm","clk":"7856522056","pt":1540825767076,"mc":[{"id":"1.150422233","marketDefinition":{"bspMarket":false,"turnInPlayEnabled":true,"persistenceEnabled":true,"marketBaseRate":5.0,"eventId":"28983288","eventTypeId":"2","numberOfWinners":1,"bettingType":"ODDS","marketType":"MATCH_ODDS","marketTime":"2018-10-30T18:30:00.000Z","suspendTime":"2018-10-30T18:30:00.000Z","bspReconciled":false,"complete":true,"inPlay":false,"crossMatching":true,"runnersVoidable":false,"numberOfActiveRunners":2,"betDelay":0,"status":"OPEN","runners":[{"status":"ACTIVE","sortPriority":1,"id":7053035,"name":"Joao Sousa"},{"status":"ACTIVE","sortPriority":2,"id":2249229,"name":"Novak Djokovic"}],"regulators":["MR_INT"],"countryCode":"FR","discountAllowed":true,"timezone":"UTC","openDate":"2018-10-30T18:30:00.000Z","version":2484719531,"name":"Match Odds","eventName":"J Sousa v Djokovic"}}]}
{"op":"mcm","clk":"7856672271","pt":1540827111032,"mc":[{"id":"1.150422233","rc":[{"ltp":1.05,"id":2249229}]}]}
{"op":"mcm","clk":"7857619026","pt":1540835920997,"mc":[{"id":"1.150422233","rc":[{"ltp":1.04,"id":2249229}]}]}
{"op":"mcm","clk":"7857915986","pt":1540838378694,"mc":[{"id":"1.150422233","rc":[{"ltp":26.0,"id":7053035}]}]}
{"op":"mcm","clk":"7857928781","pt":1540838497467,"mc":[{"id":"1.150422233","rc":[{"ltp":1.03,"id":2249229}]}]}
{"op":"mcm","clk":"7857935392","pt":1540838558288,"mc":[{"id":"1.150422233","rc":[{"ltp":1.04,"id":2249229}]}]}
{"op":"mcm","clk":"7857985248","pt":1540838932745,"mc":[{"id":"1.150422233","rc":[{"ltp":1.05,"id":2249229}]}]}
{"op":"mcm","clk":"7857996193","pt":1540839050176,"mc":[{"id":"1.150422233","rc":[{"ltp":1.03,"id":2249229}]}]}
{"op":"mcm","clk":"7858118530","pt":1540840072320,"mc":[{"id":"1.150422233","rc":[{"ltp":1.04,"id":2249229}]}]}
{"op":"mcm","clk":"7858476496","pt":1540842759524,"mc":[{"id":"1.150422233","rc":[{"ltp":1.03,"id":2249229}]}]}
{"op":"mcm","clk":"7858513620","pt":1540843116346,"mc":[{"id":"1.150422233","rc":[{"ltp":1.04,"id":2249229}]}]}
{"op":"mcm","clk":"7858586943","pt":1540843672929,"mc":[{"id":"1.150422233","rc":[{"ltp":1.03,"id":2249229}]}]}
{"op":"mcm","clk":"7858598497","pt":1540843772616,"mc":[{"id":"1.150422233","rc":[{"ltp":1.05,"id":2249229}]}]}
{"op":"mcm","clk":"7858972968","pt":1540847184246,"mc":[{"id":"1.150422233","rc":[{"ltp":1.04,"id":2249229}]}]}
{"op":"mcm","clk":"7859115889","pt":1540849068820,"mc":[{"id":"1.150422233","rc":[{"ltp":1.03,"id":2249229}]}]}
{"op":"mcm","clk":"7859181822","pt":1540850251001,"mc":[{"id":"1.150422233","rc":[{"ltp":1.04,"id":2249229}]}]}
{"op":"mcm","clk":"7859184486","pt":1540850312343,"mc":[{"id":"1.150422233","rc":[{"ltp":1.03,"id":2249229}]}]}
{"op":"mcm","clk":"7859207460","pt":1540850537411,"mc":[{"id":"1.150422233","rc":[{"ltp":1.04,"id":2249229}]}]}
{"op":"mcm","clk":"7859212299","pt":1540850620234,"mc":[{"id":"1.150422233","rc":[{"ltp":1.03,"id":2249229}]}]}
{"op":"mcm","clk":"7859221861","pt":1540850807795,"mc":[{"id":"1.150422233","rc":[{"ltp":1.04,"id":2249229}]}]}
{"op":"mcm","clk":"7859234083","pt":1540851065972,"mc":[{"id":"1.150422233","rc":[{"ltp":30.0,"id":7053035}]}]}
{"op":"mcm","clk":"7859286122","pt":1540851996628,"mc":[{"id":"1.150422233","rc":[{"ltp":1.03,"id":2249229}]}]}
{"op":"mcm","clk":"7859391542","pt":1540854042459,"mc":[{"id":"1.150422233","rc":[{"ltp":1.04,"id":2249229},{"ltp":26.0,"id":7053035}]}]}
{"op":"mcm","clk":"7859478193","pt":1540855196228,"mc":[{"id":"1.150422233","rc":[{"ltp":1.03,"id":2249229}]}]}
{"op":"mcm","clk":"7859503184","pt":1540855678417,"mc":[{"id":"1.150422233","rc":[{"ltp":1.04,"id":2249229}]}]}
{"op":"mcm","clk":"7859677457","pt":1540858444905,"mc":[{"id":"1.150422233","rc":[{"ltp":1.03,"id":2249229}]}]}
{"op":"mcm","clk":"7859717953","pt":1540859043290,"mc":[{"id":"1.150422233","rc":[{"ltp":1.04,"id":2249229}]}]}
{"op":"mcm","clk":"7859856135","pt":1540861270738,"mc":[{"id":"1.150422233","rc":[{"ltp":1.03,"id":2249229}]}]}
{"op":"mcm","clk":"7859871769","pt":1540861367790,"mc":[{"id":"1.150422233","rc":[{"ltp":1.04,"id":2249229}]}]}
{"op":"mcm","clk":"7860774215","pt":1540876960371,"mc":[{"id":"1.150422233","rc":[{"ltp":1.03,"id":2249229}]}]}
{"op":"mcm","clk":"7860829907","pt":1540877972526,"mc":[{"id":"1.150422233","rc":[{"ltp":1.04,"id":2249229}]}]}
{"op":"mcm","clk":"7860831586","pt":1540877998960,"mc":[{"id":"1.150422233","rc":[{"ltp":1.03,"id":2249229}]}]}
{"op":"mcm","clk":"7860835656","pt":1540878084266,"mc":[{"id":"1.150422233","rc":[{"ltp":1.04,"id":2249229}]}]}
{"op":"mcm","clk":"7860891904","pt":1540879204953,"mc":[{"id":"1.150422233","rc":[{"ltp":1.03,"id":2249229}]}]}
{"op":"mcm","clk":"7860913625","pt":1540879424018,"mc":[{"id":"1.150422233","rc":[{"ltp":1.04,"id":2249229}]}]}
{"op":"mcm","clk":"7860931090","pt":1540879776869,"mc":[{"id":"1.150422233","rc":[{"ltp":1.03,"id":2249229}]}]}
{"op":"mcm","clk":"7860941802","pt":1540880016513,"mc":[{"id":"1.150422233","rc":[{"ltp":1.04,"id":2249229}]}]}
{"op":"mcm","clk":"7860964948","pt":1540880257827,"mc":[{"id":"1.150422233","rc":[{"ltp":1.03,"id":2249229}]}]}
{"op":"mcm","clk":"7861033498","pt":1540881344500,"mc":[{"id":"1.150422233","rc":[{"ltp":27.0,"id":7053035}]}]}
{"op":"mcm","clk":"7861100783","pt":1540882484188,"mc":[{"id":"1.150422233","rc":[{"ltp":1.04,"id":2249229},{"ltp":26.0,"id":7053035}]}]}
{"op":"mcm","clk":"7861244505","pt":1540884931768,"mc":[{"id":"1.150422233","rc":[{"ltp":1.03,"id":2249229}]}]}
{"op":"mcm","clk":"7861419098","pt":1540887687613,"mc":[{"id":"1.150422233","rc":[{"ltp":1.04,"id":2249229}]}]}
{"op":"mcm","clk":"7861427590","pt":1540887828471,"mc":[{"id":"1.150422233","rc":[{"ltp":1.03,"id":2249229}]}]}
{"op":"mcm","clk":"7861435146","pt":1540887947522,"mc":[{"id":"1.150422233","rc":[{"ltp":1.04,"id":2249229}]}]}
{"op":"mcm","clk":"7861577304","pt":1540889758571,"mc":[{"id":"1.150422233","rc":[{"ltp":1.03,"id":2249229}]}]}
{"op":"mcm","clk":"7861687028","pt":1540891167178,"mc":[{"id":"1.150422233","rc":[{"ltp":27.0,"id":7053035}]}]}
{"op":"mcm","clk":"7861695423","pt":1540891283127,"mc":[{"id":"1.150422233","rc":[{"ltp":1.04,"id":2249229}]}]}
{"op":"mcm","clk":"7861780308","pt":1540892261380,"mc":[{"id":"1.150422233","rc":[{"ltp":26.0,"id":7053035}]}]}
{"op":"mcm","clk":"7861782053","pt":1540892291797,"mc":[{"id":"1.150422233","rc":[{"ltp":1.03,"id":2249229}]}]}
{"op":"mcm","clk":"7861801510","pt":1540892615453,"mc":[{"id":"1.150422233","rc":[{"ltp":27.0,"id":7053035}]}]}
{"op":"mcm","clk":"7861835274","pt":1540892916924,"mc":[{"id":"1.150422233","rc":[{"ltp":1.04,"id":2249229}]}]}
{"op":"mcm","clk":"7861872983","pt":1540893347220,"mc":[{"id":"1.150422233","rc":[{"ltp":1.03,"id":2249229}]}]}
{"op":"mcm","clk":"7861924917","pt":1540893829425,"mc":[{"id":"1.150422233","rc":[{"ltp":1.04,"id":2249229}]}]}
{"op":"mcm","clk":"7862105137","pt":1540895570649,"mc":[{"id":"1.150422233","rc":[{"ltp":1.03,"id":2249229}]}]}
{"op":"mcm","clk":"7862200802","pt":1540896588176,"mc":[{"id":"1.150422233","rc":[{"ltp":1.04,"id":2249229}]}]}
{"op":"mcm","clk":"7862208709","pt":1540896681230,"mc":[{"id":"1.150422233","rc":[{"ltp":28.0,"id":7053035}]}]}
{"op":"mcm","clk":"7862214665","pt":1540896759277,"mc":[{"id":"1.150422233","rc":[{"ltp":1.03,"id":2249229}]}]}
{"op":"mcm","clk":"7862348628","pt":1540898134027,"mc":[{"id":"1.150422233","rc":[{"ltp":1.04,"id":2249229}]}]}
{"op":"mcm","clk":"7862420254","pt":1540898773648,"mc":[{"id":"1.150422233","rc":[{"ltp":1.03,"id":2249229},{"ltp":27.0,"id":7053035}]}]}
{"op":"mcm","clk":"7862452302","pt":1540899111825,"mc":[{"id":"1.150422233","rc":[{"ltp":1.04,"id":2249229}]}]}
{"op":"mcm","clk":"7862476287","pt":1540899224953,"mc":[{"id":"1.150422233","rc":[{"ltp":1.03,"id":2249229}]}]}
{"op":"mcm","clk":"7862682389","pt":1540901228215,"mc":[{"id":"1.150422233","rc":[{"ltp":1.04,"id":2249229}]}]}
{"op":"mcm","clk":"7862690023","pt":1540901309287,"mc":[{"id":"1.150422233","rc":[{"ltp":28.0,"id":7053035}]}]}
{"op":"mcm","clk":"7862743762","pt":1540901825948,"mc":[{"id":"1.150422233","rc":[{"ltp":1.03,"id":2249229}]}]}
{"op":"mcm","clk":"7862772721","pt":1540902254501,"mc":[{"id":"1.150422233","rc":[{"ltp":27.0,"id":7053035}]}]}
{"op":"mcm","clk":"7862776561","pt":1540902309704,"mc":[{"id":"1.150422233","rc":[{"ltp":1.04,"id":2249229}]}]}
{"op":"mcm","clk":"7862829709","pt":1540902832806,"mc":[{"id":"1.150422233","rc":[{"ltp":1.03,"id":2249229}]}]}
{"op":"mcm","clk":"7862879396","pt":1540903469896,"mc":[{"id":"1.150422233","rc":[{"ltp":1.04,"id":2249229}]}]}
{"op":"mcm","clk":"7862912300","pt":1540903732462,"mc":[{"id":"1.150422233","rc":[{"ltp":1.03,"id":2249229}]}]}
{"op":"mcm","clk":"7862998465","pt":1540904782084,"mc":[{"id":"1.150422233","rc":[{"ltp":1.04,"id":2249229}]}]}
{"op":"mcm","clk":"7863005353","pt":1540904858172,"mc":[{"id":"1.150422233","rc":[{"ltp":1.03,"id":2249229}]}]}
{"op":"mcm","clk":"7863189666","pt":1540906787212,"mc":[{"id":"1.150422233","rc":[{"ltp":1.04,"id":2249229}]}]}
{"op":"mcm","clk":"7863220635","pt":1540907137079,"mc":[{"id":"1.150422233","rc":[{"ltp":28.0,"id":7053035}]}]}
{"op":"mcm","clk":"7863225066","pt":1540907181660,"mc":[{"id":"1.150422233","rc":[{"ltp":27.0,"id":7053035}]}]}
{"op":"mcm","clk":"7863251712","pt":1540907349626,"mc":[{"id":"1.150422233","rc":[{"ltp":1.03,"id":2249229}]}]}
{"op":"mcm","clk":"7863273408","pt":1540907605593,"mc":[{"id":"1.150422233","rc":[{"ltp":1.04,"id":2249229}]}]}
{"op":"mcm","clk":"7863426815","pt":1540909154290,"mc":[{"id":"1.150422233","rc":[{"ltp":1.03,"id":2249229}]}]}
{"op":"mcm","clk":"7863436585","pt":1540909284155,"mc":[{"id":"1.150422233","rc":[{"ltp":28.0,"id":7053035}]}]}
{"op":"mcm","clk":"7863465738","pt":1540909670031,"mc":[{"id":"1.150422233","rc":[{"ltp":1.04,"id":2249229}]}]}
{"op":"mcm","clk":"7863474498","pt":1540909786856,"mc":[{"id":"1.150422233","rc":[{"ltp":27.0,"id":7053035}]}]}
{"op":"mcm","clk":"7863503996","pt":1540910007725,"mc":[{"id":"1.150422233","rc":[{"ltp":1.03,"id":2249229}]}]}
{"op":"mcm","clk":"7863515302","pt":1540910151966,"mc":[{"id":"1.150422233","rc":[{"ltp":1.04,"id":2249229},{"ltp":26.0,"id":7053035}]}]}
{"op":"mcm","clk":"7863531725","pt":1540910363019,"mc":[{"id":"1.150422233","rc":[{"ltp":27.0,"id":7053035}]}]}
{"op":"mcm","clk":"7863538098","pt":1540910439406,"mc":[{"id":"1.150422233","rc":[{"ltp":1.03,"id":2249229}]}]}
{"op":"mcm","clk":"7863546169","pt":1540910531801,"mc":[{"id":"1.150422233","rc":[{"ltp":1.04,"id":2249229},{"ltp":26.0,"id":7053035}]}]}
{"op":"mcm","clk":"7863696347","pt":1540911983420,"mc":[{"id":"1.150422233","rc":[{"ltp":1.03,"id":2249229}]}]}
{"op":"mcm","clk":"7863701486","pt":1540912044410,"mc":[{"id":"1.150422233","rc":[{"ltp":1.04,"id":2249229}]}]}
{"op":"mcm","clk":"7863781268","pt":1540912839452,"mc":[{"id":"1.150422233","rc":[{"ltp":1.03,"id":2249229}]}]}
{"op":"mcm","clk":"7863783917","pt":1540912884389,"mc":[{"id":"1.150422233","rc":[{"ltp":1.04,"id":2249229}]}]}
{"op":"mcm","clk":"7863789256","pt":1540912968294,"mc":[{"id":"1.150422233","rc":[{"ltp":1.03,"id":2249229}]}]}
{"op":"mcm","clk":"7863796544","pt":1540913084162,"mc":[{"id":"1.150422233","rc":[{"ltp":1.04,"id":2249229}]}]}
{"op":"mcm","clk":"7863799586","pt":1540913135368,"mc":[{"id":"1.150422233","rc":[{"ltp":1.03,"id":2249229}]}]}
{"op":"mcm","clk":"7863807161","pt":1540913267415,"mc":[{"id":"1.150422233","rc":[{"ltp":1.04,"id":2249229}]}]}
{"op":"mcm","clk":"7863840626","pt":1540913605520,"mc":[{"id":"1.150422233","rc":[{"ltp":27.0,"id":7053035}]}]}
{"op":"mcm","clk":"7863856607","pt":1540913880355,"mc":[{"id":"1.150422233","rc":[{"ltp":1.03,"id":2249229}]}]}
{"op":"mcm","clk":"7863863231","pt":1540913977526,"mc":[{"id":"1.150422233","rc":[{"ltp":1.04,"id":2249229},{"ltp":26.0,"id":7053035}]}]}
{"op":"mcm","clk":"7863882626","pt":1540914290046,"mc":[{"id":"1.150422233","rc":[{"ltp":1.03,"id":2249229}]}]}
{"op":"mcm","clk":"7863886422","pt":1540914350107,"mc":[{"id":"1.150422233","rc":[{"ltp":1.04,"id":2249229}]}]}
{"op":"mcm","clk":"7863996964","pt":1540915551166,"mc":[{"id":"1.150422233","rc":[{"ltp":1.03,"id":2249229}]}]}
{"op":"mcm","clk":"7864010829","pt":1540915732679,"mc":[{"id":"1.150422233","rc":[{"ltp":1.04,"id":2249229}]}]}
{"op":"mcm","clk":"7864024837","pt":1540915909217,"mc":[{"id":"1.150422233","rc":[{"ltp":1.03,"id":2249229}]}]}
{"op":"mcm","clk":"7864029153","pt":1540915962530,"mc":[{"id":"1.150422233","rc":[{"ltp":1.04,"id":2249229}]}]}
{"op":"mcm","clk":"7864034762","pt":1540916027758,"mc":[{"id":"1.150422233","rc":[{"ltp":1.05,"id":2249229}]}]}
{"op":"mcm","clk":"7864043064","pt":1540916126095,"mc":[{"id":"1.150422233","rc":[{"ltp":1.04,"id":2249229}]}]}
{"op":"mcm","clk":"7864070571","pt":1540916319240,"mc":[{"id":"1.150422233","rc":[{"ltp":1.05,"id":2249229}]}]}
{"op":"mcm","clk":"7864086903","pt":1540916535601,"mc":[{"id":"1.150422233","rc":[{"ltp":1.04,"id":2249229}]}]}
{"op":"mcm","clk":"7864093655","pt":1540916632536,"mc":[{"id":"1.150422233","rc":[{"ltp":1.05,"id":2249229}]}]}
{"op":"mcm","clk":"7864098174","pt":1540916692489,"mc":[{"id":"1.150422233","rc":[{"ltp":1.04,"id":2249229}]}]}
{"op":"mcm","clk":"7864106872","pt":1540916806686,"mc":[{"id":"1.150422233","rc":[{"ltp":1.05,"id":2249229},{"ltp":24.0,"id":7053035}]}]}
{"op":"mcm","clk":"7864114922","pt":1540916919412,"mc":[{"id":"1.150422233","rc":[{"ltp":1.04,"id":2249229}]}]}
{"op":"mcm","clk":"7864118652","pt":1540916968972,"mc":[{"id":"1.150422233","rc":[{"ltp":1.05,"id":2249229}]}]}
{"op":"mcm","clk":"7864147186","pt":1540917224828,"mc":[{"id":"1.150422233","rc":[{"ltp":1.04,"id":2249229}]}]}
{"op":"mcm","clk":"7864150903","pt":1540917287305,"mc":[{"id":"1.150422233","rc":[{"ltp":1.05,"id":2249229}]}]}
{"op":"mcm","clk":"7864160018","pt":1540917413271,"mc":[{"id":"1.150422233","rc":[{"ltp":23.0,"id":7053035}]}]}
{"op":"mcm","clk":"7864188824","pt":1540917768135,"mc":[{"id":"1.150422233","rc":[{"ltp":1.04,"id":2249229}]}]}
{"op":"mcm","clk":"7864194399","pt":1540917830874,"mc":[{"id":"1.150422233","rc":[{"ltp":1.05,"id":2249229}]}]}
{"op":"mcm","clk":"7864204709","pt":1540917944888,"mc":[{"id":"1.150422233","rc":[{"ltp":1.04,"id":2249229}]}]}
{"op":"mcm","clk":"7864261333","pt":1540918427233,"mc":[{"id":"1.150422233","rc":[{"ltp":1.05,"id":2249229}]}]}
{"op":"mcm","clk":"7864266372","pt":1540918486511,"mc":[{"id":"1.150422233","rc":[{"ltp":1.04,"id":2249229},{"ltp":24.0,"id":7053035}]}]}
{"op":"mcm","clk":"7864280609","pt":1540918671656,"mc":[{"id":"1.150422233","rc":[{"ltp":26.0,"id":7053035}]}]}
{"op":"mcm","clk":"7864337050","pt":1540919212423,"mc":[{"id":"1.150422233","rc":[{"ltp":1.03,"id":2249229}]}]}
{"op":"mcm","clk":"7864339366","pt":1540919238458,"mc":[{"id":"1.150422233","rc":[{"ltp":1.04,"id":2249229},{"ltp":27.0,"id":7053035}]}]}
{"op":"mcm","clk":"7864368631","pt":1540919569533,"mc":[{"id":"1.150422233","rc":[{"ltp":26.0,"id":7053035}]}]}
{"op":"mcm","clk":"7864377568","pt":1540919674512,"mc":[{"id":"1.150422233","rc":[{"ltp":27.0,"id":7053035}]}]}
{"op":"mcm","clk":"7864410637","pt":1540919895373,"mc":[{"id":"1.150422233","rc":[{"ltp":1.03,"id":2249229}]}]}
{"op":"mcm","clk":"7864417554","pt":1540919966533,"mc":[{"id":"1.150422233","rc":[{"ltp":1.04,"id":2249229}]}]}
{"op":"mcm","clk":"7864424361","pt":1540920042080,"mc":[{"id":"1.150422233","rc":[{"ltp":26.0,"id":7053035}]}]}
{"op":"mcm","clk":"7864451868","pt":1540920351309,"mc":[{"id":"1.150422233","rc":[{"ltp":25.0,"id":7053035}]}]}
{"op":"mcm","clk":"7864478069","pt":1540920637933,"mc":[{"id":"1.150422233","rc":[{"ltp":1.05,"id":2249229}]}]}
{"op":"mcm","clk":"7864484442","pt":1540920711906,"mc":[{"id":"1.150422233","rc":[{"ltp":1.04,"id":2249229}]}]}
{"op":"mcm","clk":"7864532265","pt":1540921049802,"mc":[{"id":"1.150422233","rc":[{"ltp":1.05,"id":2249229}]}]}
{"op":"mcm","clk":"7864556845","pt":1540921308160,"mc":[{"id":"1.150422233","rc":[{"ltp":1.04,"id":2249229}]}]}
{"op":"mcm","clk":"7864560151","pt":1540921342518,"mc":[{"id":"1.150422233","rc":[{"ltp":1.05,"id":2249229}]}]}
{"op":"mcm","clk":"7864605717","pt":1540921664164,"mc":[{"id":"1.150422233","rc":[{"ltp":1.04,"id":2249229}]}]}
{"op":"mcm","clk":"7864610863","pt":1540921713038,"mc":[{"id":"1.150422233","rc":[{"ltp":1.05,"id":2249229}]}]}
{"op":"mcm","clk":"7864626086","pt":1540921847442,"mc":[{"id":"1.150422233","rc":[{"ltp":1.04,"id":2249229}]}]}
{"op":"mcm","clk":"7864647549","pt":1540922030918,"mc":[{"id":"1.150422233","rc":[{"ltp":26.0,"id":7053035}]}]}
{"op":"mcm","clk":"7864653811","pt":1540922085294,"mc":[{"id":"1.150422233","rc":[{"ltp":27.0,"id":7053035}]}]}
{"op":"mcm","clk":"7864657379","pt":1540922118193,"mc":[{"id":"1.150422233","rc":[{"ltp":1.03,"id":2249229}]}]}
{"op":"mcm","clk":"7864674564","pt":1540922271350,"mc":[{"id":"1.150422233","rc":[{"ltp":1.04,"id":2249229}]}]}
{"op":"mcm","clk":"7864699864","pt":1540922486076,"mc":[{"id":"1.150422233","rc":[{"ltp":1.03,"id":2249229}]}]}
{"op":"mcm","clk":"7864722886","pt":1540922565094,"mc":[{"id":"1.150422233","rc":[{"ltp":1.04,"id":2249229},{"ltp":26.0,"id":7053035}]}]}
{"op":"mcm","clk":"7864784495","pt":1540923109022,"mc":[{"id":"1.150422233","rc":[{"ltp":27.0,"id":7053035}]}]}
{"op":"mcm","clk":"7864790634","pt":1540923164304,"mc":[{"id":"1.150422233","rc":[{"ltp":26.0,"id":7053035}]}]}
{"op":"mcm","clk":"7864810426","pt":1540923347210,"mc":[{"id":"1.150422233","rc":[{"ltp":27.0,"id":7053035}]}]}
{"op":"mcm","clk":"7864849145","pt":1540923586766,"mc":[{"id":"1.150422233","rc":[{"ltp":26.0,"id":7053035}]}]}
{"op":"mcm","clk":"7864854572","pt":1540923641883,"mc":[{"id":"1.150422233","rc":[{"ltp":25.0,"id":7053035}]}]}
{"op":"mcm","clk":"7864861469","pt":1540923712409,"mc":[{"id":"1.150422233","rc":[{"ltp":1.05,"id":2249229}]}]}
{"op":"mcm","clk":"7864872098","pt":1540923828282,"mc":[{"id":"1.150422233","rc":[{"ltp":1.04,"id":2249229},{"ltp":26.0,"id":7053035}]}]}
{"op":"mcm","clk":"7864877345","pt":1540923891638,"mc":[{"id":"1.150422233","rc":[{"ltp":1.05,"id":2249229}]}]}
{"op":"mcm","clk":"7864882431","pt":1540923941702,"mc":[{"id":"1.150422233","rc":[{"ltp":25.0,"id":7053035}]}]}
{"op":"mcm","clk":"7864888320","pt":1540924001807,"mc":[{"id":"1.150422233","rc":[{"ltp":1.04,"id":2249229}]}]}
{"op":"mcm","clk":"7864894703","pt":1540924072341,"mc":[{"id":"1.150422233","rc":[{"ltp":1.05,"id":2249229}]}]}
{"op":"mcm","clk":"7864900673","pt":1540924130602,"mc":[{"id":"1.150422233","marketDefinition":{"bspMarket":false,"turnInPlayEnabled":true,"persistenceEnabled":true,"marketBaseRate":5.0,"eventId":"28983288","eventTypeId":"2","numberOfWinners":1,"bettingType":"ODDS","marketType":"MATCH_ODDS","marketTime":"2018-10-30T18:45:00.000Z","suspendTime":"2018-10-30T18:45:00.000Z","bspReconciled":false,"complete":true,"inPlay":false,"crossMatching":true,"runnersVoidable":false,"numberOfActiveRunners":2,"betDelay":0,"status":"OPEN","runners":[{"status":"ACTIVE","sortPriority":1,"id":7053035,"name":"Joao Sousa"},{"status":"ACTIVE","sortPriority":2,"id":2249229,"name":"Novak Djokovic"}],"regulators":["MR_INT"],"countryCode":"FR","discountAllowed":true,"timezone":"UTC","openDate":"2018-10-30T18:45:00.000Z","version":2486200205,"name":"Match Odds","eventName":"J Sousa v Djokovic"}}]}
{"op":"mcm","clk":"7864906035","pt":1540924185200,"mc":[{"id":"1.150422233","rc":[{"ltp":1.04,"id":2249229}]}]}
{"op":"mcm","clk":"7864938406","pt":1540924371443,"mc":[{"id":"1.150422233","rc":[{"ltp":1.05,"id":2249229}]}]}
{"op":"mcm","clk":"7864954943","pt":1540924547253,"mc":[{"id":"1.150422233","rc":[{"ltp":1.04,"id":2249229}]}]}
{"op":"mcm","clk":"7864960180","pt":1540924608690,"mc":[{"id":"1.150422233","rc":[{"ltp":1.05,"id":2249229}]}]}
{"op":"mcm","clk":"7864978377","pt":1540924789649,"mc":[{"id":"1.150422233","rc":[{"ltp":1.04,"id":2249229},{"ltp":23.0,"id":7053035}]}]}
{"op":"mcm","clk":"7864985067","pt":1540924850789,"mc":[{"id":"1.150422233","rc":[{"ltp":1.05,"id":2249229}]}]}
{"op":"mcm","clk":"7865002268","pt":1540925018662,"mc":[{"id":"1.150422233","marketDefinition":{"bspMarket":false,"turnInPlayEnabled":true,"persistenceEnabled":true,"marketBaseRate":5.0,"eventId":"28983288","eventTypeId":"2","numberOfWinners":1,"bettingType":"ODDS","marketType":"MATCH_ODDS","marketTime":"2018-10-30T19:00:00.000Z","suspendTime":"2018-10-30T19:00:00.000Z","bspReconciled":false,"complete":true,"inPlay":false,"crossMatching":true,"runnersVoidable":false,"numberOfActiveRunners":2,"betDelay":0,"status":"OPEN","runners":[{"status":"ACTIVE","sortPriority":1,"id":7053035,"name":"Joao Sousa"},{"status":"ACTIVE","sortPriority":2,"id":2249229,"name":"Novak Djokovic"}],"regulators":["MR_INT"],"countryCode":"FR","discountAllowed":true,"timezone":"UTC","openDate":"2018-10-30T19:00:00.000Z","version":2486230069,"name":"Match Odds","eventName":"J Sousa v Djokovic"},"rc":[{"ltp":1.04,"id":2249229}]}]}
{"op":"mcm","clk":"7865008519","pt":1540925079858,"mc":[{"id":"1.150422233","rc":[{"ltp":1.05,"id":2249229}]}]}
{"op":"mcm","clk":"7865015953","pt":1540925150098,"mc":[{"id":"1.150422233","rc":[{"ltp":1.04,"id":2249229}]}]}
{"op":"mcm","clk":"7865051945","pt":1540925376818,"mc":[{"id":"1.150422233","rc":[{"ltp":1.05,"id":2249229}]}]}
{"op":"mcm","clk":"7865059756","pt":1540925449485,"mc":[{"id":"1.150422233","rc":[{"ltp":1.04,"id":2249229}]}]}
{"op":"mcm","clk":"7865081228","pt":1540925633323,"mc":[{"id":"1.150422233","rc":[{"ltp":24.0,"id":7053035}]}]}
{"op":"mcm","clk":"7865088664","pt":1540925692531,"mc":[{"id":"1.150422233","rc":[{"ltp":1.05,"id":2249229},{"ltp":26.0,"id":7053035}]}]}
{"op":"mcm","clk":"7865103078","pt":1540925801814,"mc":[{"id":"1.150422233","rc":[{"ltp":24.0,"id":7053035}]}]}
{"op":"mcm","clk":"7865119984","pt":1540925930159,"mc":[{"id":"1.150422233","marketDefinition":{"bspMarket":false,"turnInPlayEnabled":true,"persistenceEnabled":true,"marketBaseRate":5.0,"eventId":"28983288","eventTypeId":"2","numberOfWinners":1,"bettingType":"ODDS","marketType":"MATCH_ODDS","marketTime":"2018-10-30T19:15:00.000Z","suspendTime":"2018-10-30T19:15:00.000Z","bspReconciled":false,"complete":true,"inPlay":false,"crossMatching":true,"runnersVoidable":false,"numberOfActiveRunners":2,"betDelay":0,"status":"OPEN","runners":[{"status":"ACTIVE","sortPriority":1,"id":7053035,"name":"Joao Sousa"},{"status":"ACTIVE","sortPriority":2,"id":2249229,"name":"Novak Djokovic"}],"regulators":["MR_INT"],"countryCode":"FR","discountAllowed":true,"timezone":"UTC","openDate":"2018-10-30T19:15:00.000Z","version":2486266246,"name":"Match Odds","eventName":"J Sousa v Djokovic"}}]}
{"op":"mcm","clk":"7865128338","pt":1540925988448,"mc":[{"id":"1.150422233","rc":[{"ltp":25.0,"id":7053035}]}]}
{"op":"mcm","clk":"7865146559","pt":1540926111261,"mc":[{"id":"1.150422233","rc":[{"ltp":26.0,"id":7053035}]}]}
{"op":"mcm","clk":"7865174637","pt":1540926220274,"mc":[{"id":"1.150422233","rc":[{"ltp":1.04,"id":2249229}]}]}
{"op":"mcm","clk":"7865185349","pt":1540926292987,"mc":[{"id":"1.150422233","rc":[{"ltp":24.0,"id":7053035}]}]}
{"op":"mcm","clk":"7865202100","pt":1540926409566,"mc":[{"id":"1.150422233","rc":[{"ltp":1.05,"id":2249229}]}]}
{"op":"mcm","clk":"7865234184","pt":1540926626350,"mc":[{"id":"1.150422233","rc":[{"ltp":1.04,"id":2249229}]}]}
{"op":"mcm","clk":"7865261947","pt":1540926829792,"mc":[{"id":"1.150422233","marketDefinition":{"bspMarket":false,"turnInPlayEnabled":true,"persistenceEnabled":true,"marketBaseRate":5.0,"eventId":"28983288","eventTypeId":"2","numberOfWinners":1,"bettingType":"ODDS","marketType":"MATCH_ODDS","marketTime":"2018-10-30T19:30:00.000Z","suspendTime":"2018-10-30T19:30:00.000Z","bspReconciled":false,"complete":true,"inPlay":false,"crossMatching":true,"runnersVoidable":false,"numberOfActiveRunners":2,"betDelay":0,"status":"OPEN","runners":[{"status":"ACTIVE","sortPriority":1,"id":7053035,"name":"Joao Sousa"},{"status":"ACTIVE","sortPriority":2,"id":2249229,"name":"Novak Djokovic"}],"regulators":["MR_INT"],"countryCode":"FR","discountAllowed":true,"timezone":"UTC","openDate":"2018-10-30T19:30:00.000Z","version":2486301715,"name":"Match Odds","eventName":"J Sousa v Djokovic"},"rc":[{"ltp":1.05,"id":2249229}]}]}
{"op":"mcm","clk":"7865278150","pt":1540926942629,"mc":[{"id":"1.150422233","rc":[{"ltp":1.04,"id":2249229}]}]}
{"op":"mcm","clk":"7865281596","pt":1540926968924,"mc":[{"id":"1.150422233","rc":[{"ltp":1.05,"id":2249229}]}]}
{"op":"mcm","clk":"7865343203","pt":1540927310936,"mc":[{"id":"1.150422233","rc":[{"ltp":23.0,"id":7053035}]}]}
{"op":"mcm","clk":"7865352747","pt":1540927371336,"mc":[{"id":"1.150422233","rc":[{"ltp":22.0,"id":7053035}]}]}
{"op":"mcm","clk":"7865362164","pt":1540927431800,"mc":[{"id":"1.150422233","rc":[{"ltp":23.0,"id":7053035}]}]}
{"op":"mcm","clk":"7865370414","pt":1540927487819,"mc":[{"id":"1.150422233","rc":[{"ltp":22.0,"id":7053035}]}]}
{"op":"mcm","clk":"7865386711","pt":1540927613248,"mc":[{"id":"1.150422233","rc":[{"ltp":23.0,"id":7053035}]}]}
{"op":"mcm","clk":"7865401691","pt":1540927720547,"mc":[{"id":"1.150422233","marketDefinition":{"bspMarket":false,"turnInPlayEnabled":true,"persistenceEnabled":true,"marketBaseRate":5.0,"eventId":"28983288","eventTypeId":"2","numberOfWinners":1,"bettingType":"ODDS","marketType":"MATCH_ODDS","marketTime":"2018-10-30T19:25:00.000Z","suspendTime":"2018-10-30T19:25:00.000Z","bspReconciled":false,"complete":true,"inPlay":false,"crossMatching":true,"runnersVoidable":false,"numberOfActiveRunners":2,"betDelay":0,"status":"OPEN","runners":[{"status":"ACTIVE","sortPriority":1,"id":7053035,"name":"Joao Sousa"},{"status":"ACTIVE","sortPriority":2,"id":2249229,"name":"Novak Djokovic"}],"regulators":["MR_INT"],"countryCode":"FR","discountAllowed":true,"timezone":"UTC","openDate":"2018-10-30T19:25:00.000Z","version":2486333009,"name":"Match Odds","eventName":"J Sousa v Djokovic"},"rc":[{"ltp":1.04,"id":2249229}]}]}
{"op":"mcm","clk":"7865422946","pt":1540927851913,"mc":[{"id":"1.150422233","rc":[{"ltp":1.05,"id":2249229},{"ltp":22.0,"id":7053035}]}]}
{"op":"mcm","clk":"7865457031","pt":1540927971850,"mc":[{"id":"1.150422233","rc":[{"ltp":21.0,"id":7053035}]}]}
{"op":"mcm","clk":"7865466813","pt":1540928028303,"mc":[{"id":"1.150422233","rc":[{"ltp":22.0,"id":7053035}]}]}
{"op":"mcm","clk":"7865478103","pt":1540928093303,"mc":[{"id":"1.150422233","rc":[{"ltp":1.04,"id":2249229}]}]}
{"op":"mcm","clk":"7865497936","pt":1540928208076,"mc":[{"id":"1.150422233","rc":[{"ltp":1.05,"id":2249229},{"ltp":21.0,"id":7053035}]}]}
{"op":"mcm","clk":"7865507805","pt":1540928268165,"mc":[{"id":"1.150422233","rc":[{"ltp":1.04,"id":2249229},{"ltp":22.0,"id":7053035}]}]}
{"op":"mcm","clk":"7865517361","pt":1540928330625,"mc":[{"id":"1.150422233","rc":[{"ltp":1.05,"id":2249229}]}]}
{"op":"mcm","clk":"7865526298","pt":1540928388161,"mc":[{"id":"1.150422233","rc":[{"ltp":1.04,"id":2249229}]}]}
{"op":"mcm","clk":"7865545329","pt":1540928510183,"mc":[{"id":"1.150422233","rc":[{"ltp":1.05,"id":2249229}]}]}
{"op":"mcm","clk":"7865555442","pt":1540928571594,"mc":[{"id":"1.150422233","rc":[{"ltp":1.04,"id":2249229},{"ltp":21.0,"id":7053035}]}]}
{"op":"mcm","clk":"7865564895","pt":1540928632929,"mc":[{"id":"1.150422233","rc":[{"ltp":1.05,"id":2249229},{"ltp":22.0,"id":7053035}]}]}
{"op":"mcm","clk":"7865573967","pt":1540928690020,"mc":[{"id":"1.150422233","rc":[{"ltp":1.04,"id":2249229}]}]}
{"op":"mcm","clk":"7865584026","pt":1540928752223,"mc":[{"id":"1.150422233","rc":[{"ltp":1.05,"id":2249229}]}]}
{"op":"mcm","clk":"7865592643","pt":1540928808432,"mc":[{"id":"1.150422233","rc":[{"ltp":1.04,"id":2249229}]}]}
{"op":"mcm","clk":"7865615488","pt":1540928872128,"mc":[{"id":"1.150422233","rc":[{"ltp":21.0,"id":7053035}]}]}
{"op":"mcm","clk":"7865624773","pt":1540928932365,"mc":[{"id":"1.150422233","rc":[{"ltp":23.0,"id":7053035}]}]}
{"op":"mcm","clk":"7865634863","pt":1540928993099,"mc":[{"id":"1.150422233","rc":[{"ltp":1.05,"id":2249229},{"ltp":21.0,"id":7053035}]}]}
{"op":"mcm","clk":"7865644830","pt":1540929051617,"mc":[{"id":"1.150422233","rc":[{"ltp":22.0,"id":7053035}]}]}
{"op":"mcm","clk":"7865656085","pt":1540929113239,"mc":[{"id":"1.150422233","marketDefinition":{"bspMarket":false,"turnInPlayEnabled":true,"persistenceEnabled":true,"marketBaseRate":5.0,"eventId":"28983288","eventTypeId":"2","numberOfWinners":1,"bettingType":"ODDS","marketType":"MATCH_ODDS","marketTime":"2018-10-30T19:25:00.000Z","suspendTime":"2018-10-30T19:25:00.000Z","bspReconciled":false,"complete":true,"inPlay":true,"crossMatching":true,"runnersVoidable":false,"numberOfActiveRunners":2,"betDelay":5,"status":"OPEN","runners":[{"status":"ACTIVE","sortPriority":1,"id":7053035,"name":"Joao Sousa"},{"status":"ACTIVE","sortPriority":2,"id":2249229,"name":"Novak Djokovic"}],"regulators":["MR_INT"],"countryCode":"FR","discountAllowed":true,"timezone":"UTC","openDate":"2018-10-30T19:25:00.000Z","version":2486429318,"name":"Match Odds","eventName":"J Sousa v Djokovic"},"rc":[{"ltp":21.0,"id":7053035}]}]}
{"op":"mcm","clk":"7865666897","pt":1540929172844,"mc":[{"id":"1.150422233","rc":[{"ltp":23.0,"id":7053035}]}]}
{"op":"mcm","clk":"7865689257","pt":1540929293223,"mc":[{"id":"1.150422233","rc":[{"ltp":21.0,"id":7053035}]}]}
{"op":"mcm","clk":"7865700059","pt":1540929353345,"mc":[{"id":"1.150422233","rc":[{"ltp":23.0,"id":7053035}]}]}
{"op":"mcm","clk":"7865710884","pt":1540929412968,"mc":[{"id":"1.150422233","rc":[{"ltp":1.06,"id":2249229},{"ltp":20.0,"id":7053035}]}]}
{"op":"mcm","clk":"7865721806","pt":1540929473335,"mc":[{"id":"1.150422233","rc":[{"ltp":1.05,"id":2249229}]}]}
{"op":"mcm","clk":"7865733224","pt":1540929533204,"mc":[{"id":"1.150422233","rc":[{"ltp":1.06,"id":2249229},{"ltp":21.0,"id":7053035}]}]}
{"op":"mcm","clk":"7865744843","pt":1540929593079,"mc":[{"id":"1.150422233","rc":[{"ltp":19.0,"id":7053035}]}]}
{"op":"mcm","clk":"7865756747","pt":1540929652505,"mc":[{"id":"1.150422233","rc":[{"ltp":18.5,"id":7053035}]}]}
{"op":"mcm","clk":"7865768365","pt":1540929712242,"mc":[{"id":"1.150422233","rc":[{"ltp":1.05,"id":2249229},{"ltp":22.0,"id":7053035}]}]}
{"op":"mcm","clk":"7865793385","pt":1540929772740,"mc":[{"id":"1.150422233","rc":[{"ltp":24.0,"id":7053035}]}]}
{"op":"mcm","clk":"7865806283","pt":1540929833341,"mc":[{"id":"1.150422233","rc":[{"ltp":1.03,"id":2249229},{"ltp":40.0,"id":7053035}]}]}
{"op":"mcm","clk":"7865818849","pt":1540929892802,"mc":[{"id":"1.150422233","rc":[{"ltp":1.04,"id":2249229},{"ltp":29.0,"id":7053035}]}]}
{"op":"mcm","clk":"7865830845","pt":1540929953136,"mc":[{"id":"1.150422233","rc":[{"ltp":1.05,"id":2249229},{"ltp":21.0,"id":7053035}]}]}
{"op":"mcm","clk":"7865842625","pt":1540930012745,"mc":[{"id":"1.150422233","rc":[{"ltp":1.04,"id":2249229},{"ltp":24.0,"id":7053035}]}]}
{"op":"mcm","clk":"7865855702","pt":1540930072968,"mc":[{"id":"1.150422233","rc":[{"ltp":1.03,"id":2249229},{"ltp":27.0,"id":7053035}]}]}
{"op":"mcm","clk":"7865868531","pt":1540930132758,"mc":[{"id":"1.150422233","rc":[{"ltp":40.0,"id":7053035}]}]}
{"op":"mcm","clk":"7865894279","pt":1540930253336,"mc":[{"id":"1.150422233","rc":[{"ltp":1.02,"id":2249229},{"ltp":46.0,"id":7053035}]}]}
{"op":"mcm","clk":"7865907353","pt":1540930312667,"mc":[{"id":"1.150422233","rc":[{"ltp":44.0,"id":7053035}]}]}
{"op":"mcm","clk":"7865932189","pt":1540930433134,"mc":[{"id":"1.150422233","rc":[{"ltp":48.0,"id":7053035}]}]}
{"op":"mcm","clk":"7865944787","pt":1540930493074,"mc":[{"id":"1.150422233","rc":[{"ltp":1.03,"id":2249229},{"ltp":40.0,"id":7053035}]}]}
{"op":"mcm","clk":"7865957421","pt":1540930553139,"mc":[{"id":"1.150422233","rc":[{"ltp":34.0,"id":7053035}]}]}
{"op":"mcm","clk":"7865969587","pt":1540930613306,"mc":[{"id":"1.150422233","rc":[{"ltp":27.0,"id":7053035}]}]}
{"op":"mcm","clk":"7865993724","pt":1540930672056,"mc":[{"id":"1.150422233","rc":[{"ltp":1.05,"id":2249229},{"ltp":21.0,"id":7053035}]}]}
{"op":"mcm","clk":"7866005550","pt":1540930733090,"mc":[{"id":"1.150422233","rc":[{"ltp":1.07,"id":2249229},{"ltp":15.5,"id":7053035}]}]}
{"op":"mcm","clk":"7866017403","pt":1540930793116,"mc":[{"id":"1.150422233","rc":[{"ltp":1.08,"id":2249229}]}]}
{"op":"mcm","clk":"7866029086","pt":1540930853274,"mc":[{"id":"1.150422233","rc":[{"ltp":1.07,"id":2249229},{"ltp":16.0,"id":7053035}]}]}
{"op":"mcm","clk":"7866039936","pt":1540930913210,"mc":[{"id":"1.150422233","rc":[{"ltp":1.05,"id":2249229},{"ltp":21.0,"id":7053035}]}]}
{"op":"mcm","clk":"7866051299","pt":1540930973098,"mc":[{"id":"1.150422233","rc":[{"ltp":1.06,"id":2249229},{"ltp":15.0,"id":7053035}]}]}
{"op":"mcm","clk":"7866062252","pt":1540931031545,"mc":[{"id":"1.150422233","rc":[{"ltp":18.0,"id":7053035}]}]}
{"op":"mcm","clk":"7866073116","pt":1540931093217,"mc":[{"id":"1.150422233","rc":[{"ltp":17.5,"id":7053035}]}]}
{"op":"mcm","clk":"7866084564","pt":1540931153320,"mc":[{"id":"1.150422233","rc":[{"ltp":1.08,"id":2249229},{"ltp":13.0,"id":7053035}]}]}
{"op":"mcm","clk":"7866095835","pt":1540931213025,"mc":[{"id":"1.150422233","rc":[{"ltp":1.07,"id":2249229},{"ltp":16.5,"id":7053035}]}]}
{"op":"mcm","clk":"7866107271","pt":1540931273252,"mc":[{"id":"1.150422233","rc":[{"ltp":1.06,"id":2249229}]}]}
{"op":"mcm","clk":"7866118016","pt":1540931331880,"mc":[{"id":"1.150422233","rc":[{"ltp":1.07,"id":2249229},{"ltp":16.0,"id":7053035}]}]}
{"op":"mcm","clk":"7866128753","pt":1540931392542,"mc":[{"id":"1.150422233","rc":[{"ltp":15.0,"id":7053035}]}]}
{"op":"mcm","clk":"7866149744","pt":1540931512355,"mc":[{"id":"1.150422233","rc":[{"ltp":1.09,"id":2249229},{"ltp":12.5,"id":7053035}]}]}
{"op":"mcm","clk":"7866172482","pt":1540931572919,"mc":[{"id":"1.150422233","rc":[{"ltp":1.08,"id":2249229},{"ltp":13.0,"id":7053035}]}]}
{"op":"mcm","clk":"7866192554","pt":1540931693256,"mc":[{"id":"1.150422233","rc":[{"ltp":1.1,"id":2249229},{"ltp":10.5,"id":7053035}]}]}
{"op":"mcm","clk":"7866202377","pt":1540931753286,"mc":[{"id":"1.150422233","rc":[{"ltp":1.11,"id":2249229},{"ltp":9.4,"id":7053035}]}]}
{"op":"mcm","clk":"7866212453","pt":1540931813291,"mc":[{"id":"1.150422233","rc":[{"ltp":1.13,"id":2249229},{"ltp":6.6,"id":7053035}]}]}
{"op":"mcm","clk":"7866222358","pt":1540931873323,"mc":[{"id":"1.150422233","rc":[{"ltp":1.1,"id":2249229},{"ltp":10.5,"id":7053035}]}]}
{"op":"mcm","clk":"7866231641","pt":1540931933267,"mc":[{"id":"1.150422233","rc":[{"ltp":1.08,"id":2249229},{"ltp":12.5,"id":7053035}]}]}
{"op":"mcm","clk":"7866241355","pt":1540931993316,"mc":[{"id":"1.150422233","rc":[{"ltp":1.09,"id":2249229},{"ltp":12.0,"id":7053035}]}]}
{"op":"mcm","clk":"7866251493","pt":1540932053179,"mc":[{"id":"1.150422233","rc":[{"ltp":11.0,"id":7053035}]}]}
{"op":"mcm","clk":"7866261185","pt":1540932112896,"mc":[{"id":"1.150422233","rc":[{"ltp":1.08,"id":2249229},{"ltp":15.5,"id":7053035}]}]}
{"op":"mcm","clk":"7866270853","pt":1540932173296,"mc":[{"id":"1.150422233","rc":[{"ltp":1.06,"id":2249229},{"ltp":17.5,"id":7053035}]}]}
{"op":"mcm","clk":"7866279350","pt":1540932232607,"mc":[{"id":"1.150422233","rc":[{"ltp":1.04,"id":2249229},{"ltp":34.0,"id":7053035}]}]}
{"op":"mcm","clk":"7866288293","pt":1540932293148,"mc":[{"id":"1.150422233","rc":[{"ltp":1.03,"id":2249229}]}]}
{"op":"mcm","clk":"7866297069","pt":1540932353235,"mc":[{"id":"1.150422233","rc":[{"ltp":28.0,"id":7053035}]}]}
{"op":"mcm","clk":"7866304957","pt":1540932413161,"mc":[{"id":"1.150422233","rc":[{"ltp":29.0,"id":7053035}]}]}
{"op":"mcm","clk":"7866325360","pt":1540932473180,"mc":[{"id":"1.150422233","rc":[{"ltp":36.0,"id":7053035}]}]}
{"op":"mcm","clk":"7866333124","pt":1540932533313,"mc":[{"id":"1.150422233","rc":[{"ltp":40.0,"id":7053035}]}]}
{"op":"mcm","clk":"7866341665","pt":1540932593311,"mc":[{"id":"1.150422233","rc":[{"ltp":34.0,"id":7053035}]}]}
{"op":"mcm","clk":"7866349982","pt":1540932652977,"mc":[{"id":"1.150422233","rc":[{"ltp":38.0,"id":7053035}]}]}
{"op":"mcm","clk":"7866359198","pt":1540932713246,"mc":[{"id":"1.150422233","rc":[{"ltp":34.0,"id":7053035}]}]}
{"op":"mcm","clk":"7866367817","pt":1540932773097,"mc":[{"id":"1.150422233","rc":[{"ltp":28.0,"id":7053035}]}]}
{"op":"mcm","clk":"7866385761","pt":1540932893217,"mc":[{"id":"1.150422233","rc":[{"ltp":1.02,"id":2249229},{"ltp":50.0,"id":7053035}]}]}
{"op":"mcm","clk":"7866394860","pt":1540932953254,"mc":[{"id":"1.150422233","rc":[{"ltp":1.01,"id":2249229},{"ltp":55.0,"id":7053035}]}]}
{"op":"mcm","clk":"7866404575","pt":1540933013194,"mc":[{"id":"1.150422233","rc":[{"ltp":70.0,"id":7053035}]}]}
{"op":"mcm","clk":"7866413749","pt":1540933073020,"mc":[{"id":"1.150422233","rc":[{"ltp":120.0,"id":7053035}]}]}
{"op":"mcm","clk":"7866423055","pt":1540933133190,"mc":[{"id":"1.150422233","rc":[{"ltp":90.0,"id":7053035}]}]}
{"op":"mcm","clk":"7866431393","pt":1540933192107,"mc":[{"id":"1.150422233","rc":[{"ltp":95.0,"id":7053035}]}]}
{"op":"mcm","clk":"7866440091","pt":1540933253141,"mc":[{"id":"1.150422233","rc":[{"ltp":120.0,"id":7053035}]}]}
{"op":"mcm","clk":"7866448484","pt":1540933313036,"mc":[{"id":"1.150422233","rc":[{"ltp":210.0,"id":7053035}]}]}
{"op":"mcm","clk":"7866468898","pt":1540933371990,"mc":[{"id":"1.150422233","rc":[{"ltp":460.0,"id":7053035}]}]}
{"op":"mcm","clk":"7866477859","pt":1540933433099,"mc":[{"id":"1.150422233","rc":[{"ltp":190.0,"id":7053035}]}]}
{"op":"mcm","clk":"7866486931","pt":1540933493145,"mc":[{"id":"1.150422233","rc":[{"ltp":250.0,"id":7053035}]}]}
{"op":"mcm","clk":"7866496089","pt":1540933551561,"mc":[{"id":"1.150422233","rc":[{"ltp":160.0,"id":7053035}]}]}
{"op":"mcm","clk":"7866505679","pt":1540933613095,"mc":[{"id":"1.150422233","rc":[{"ltp":140.0,"id":7053035}]}]}
{"op":"mcm","clk":"7866514698","pt":1540933672103,"mc":[{"id":"1.150422233","rc":[{"ltp":250.0,"id":7053035}]}]}
{"op":"mcm","clk":"7866523690","pt":1540933731168,"mc":[{"id":"1.150422233","rc":[{"ltp":130.0,"id":7053035}]}]}
{"op":"mcm","clk":"7866532746","pt":1540933791909,"mc":[{"id":"1.150422233","rc":[{"ltp":200.0,"id":7053035}]}]}
{"op":"mcm","clk":"7866541921","pt":1540933852554,"mc":[{"id":"1.150422233","rc":[{"ltp":500.0,"id":7053035}]}]}
{"op":"mcm","clk":"7866568419","pt":1540934031629,"mc":[{"id":"1.150422233","rc":[{"ltp":300.0,"id":7053035}]}]}
{"op":"mcm","clk":"7866595215","pt":1540934213113,"mc":[{"id":"1.150422233","rc":[{"ltp":320.0,"id":7053035}]}]}
{"op":"mcm","clk":"7866615795","pt":1540934272941,"mc":[{"id":"1.150422233","rc":[{"ltp":600.0,"id":7053035}]}]}
{"op":"mcm","clk":"7866623736","pt":1540934332760,"mc":[{"id":"1.150422233","rc":[{"ltp":300.0,"id":7053035}]}]}
{"op":"mcm","clk":"7866631545","pt":1540934392261,"mc":[{"id":"1.150422233","rc":[{"ltp":200.0,"id":7053035}]}]}
{"op":"mcm","clk":"7866639809","pt":1540934452321,"mc":[{"id":"1.150422233","rc":[{"ltp":190.0,"id":7053035}]}]}
{"op":"mcm","clk":"7866647848","pt":1540934512451,"mc":[{"id":"1.150422233","rc":[{"ltp":580.0,"id":7053035}]}]}
{"op":"mcm","clk":"7866662590","pt":1540934632556,"mc":[{"id":"1.150422233","rc":[{"ltp":650.0,"id":7053035}]}]}
{"op":"mcm","clk":"7866669873","pt":1540934691721,"mc":[{"id":"1.150422233","marketDefinition":{"bspMarket":false,"turnInPlayEnabled":true,"persistenceEnabled":true,"marketBaseRate":5.0,"eventId":"28983288","eventTypeId":"2","numberOfWinners":1,"bettingType":"ODDS","marketType":"MATCH_ODDS","marketTime":"2018-10-30T19:25:00.000Z","suspendTime":"2018-10-30T19:25:00.000Z","bspReconciled":false,"complete":true,"inPlay":true,"crossMatching":true,"runnersVoidable":false,"numberOfActiveRunners":2,"betDelay":5,"status":"SUSPENDED","runners":[{"status":"ACTIVE","sortPriority":1,"id":7053035,"name":"Joao Sousa"},{"status":"ACTIVE","sortPriority":2,"id":2249229,"name":"Novak Djokovic"}],"regulators":["MR_INT"],"countryCode":"FR","discountAllowed":true,"timezone":"UTC","openDate":"2018-10-30T19:25:00.000Z","version":2486701998,"name":"Match Odds","eventName":"J Sousa v Djokovic"}}]}
{"op":"mcm","clk":"7866673881","pt":1540934723858,"mc":[{"id":"1.150422233","marketDefinition":{"bspMarket":false,"turnInPlayEnabled":true,"persistenceEnabled":true,"marketBaseRate":5.0,"eventId":"28983288","eventTypeId":"2","numberOfWinners":1,"bettingType":"ODDS","marketType":"MATCH_ODDS","marketTime":"2018-10-30T19:25:00.000Z","suspendTime":"2018-10-30T19:25:00.000Z","bspReconciled":false,"complete":true,"inPlay":true,"crossMatching":false,"runnersVoidable":false,"numberOfActiveRunners":0,"betDelay":5,"status":"CLOSED","settledTime":"2018-10-30T21:25:02.000Z","runners":[{"status":"LOSER","sortPriority":1,"id":7053035,"name":"Joao Sousa"},{"status":"WINNER","sortPriority":2,"id":2249229,"name":"Novak Djokovic"}],"regulators":["MR_INT"],"countryCode":"FR","discountAllowed":true,"timezone":"UTC","openDate":"2018-10-30T19:25:00.000Z","version":2486704604,"name":"Match Odds","eventName":"J Sousa v Djokovic"}}]}
