{"op":"mcm","clk":"7833131973","pt":1540647591227,"mc":[{"id":"1.150317117","marketDefinition":{"bspMarket":false,"turnInPlayEnabled":true,"persistenceEnabled":true,"marketBaseRate":5.0,"eventId":"28979661","eventTypeId":"2","numberOfWinners":1,"bettingType":"ODDS","marketType":"MATCH_ODDS","marketTime":"2018-10-28T11:30:00.000Z","suspendTime":"2018-10-28T11:30:00.000Z","bspReconciled":false,"complete":true,"inPlay":false,"crossMatching":true,"runnersVoidable":false,"numberOfActiveRunners":2,"betDelay":0,"status":"OPEN","runners":[{"status":"ACTIVE","sortPriority":1,"id":2923342,"name":"Sloane Stephens"},{"status":"ACTIVE","sortPriority":2,"id":6324464,"name":"Elina Svitolina"}],"regulators":["MR_INT"],"countryCode":"SG","discountAllowed":true,"timezone":"UTC","openDate":"2018-10-28T11:30:00.000Z","version":2478585451,"name":"Match Odds","eventName":"Stephens v Svitolina"}}]}
{"op":"mcm","clk":"7833349946","pt":1540648421827,"mc":[{"id":"1.150317117","rc":[{"ltp":1.79,"id":2923342}]}]}
{"op":"mcm","clk":"7833380403","pt":1540648553153,"mc":[{"id":"1.150317117","rc":[{"ltp":1.78,"id":2923342}]}]}
{"op":"mcm","clk":"7833396503","pt":1540648618677,"mc":[{"id":"1.150317117","rc":[{"ltp":1.79,"id":2923342}]}]}
{"op":"mcm","clk":"7833692605","pt":1540649515459,"mc":[{"id":"1.150317117","rc":[{"ltp":2.0,"id":6324464}]}]}
{"op":"mcm","clk":"7833939494","pt":1540650171328,"mc":[{"id":"1.150317117","rc":[{"ltp":1.93,"id":2923342}]}]}
{"op":"mcm","clk":"7833959439","pt":1540650231728,"mc":[{"id":"1.150317117","rc":[{"ltp":1.92,"id":2923342},{"ltp":2.08,"id":6324464}]}]}
{"op":"mcm","clk":"7834056912","pt":1540650522875,"mc":[{"id":"1.150317117","rc":[{"ltp":1.9,"id":2923342}]}]}
{"op":"mcm","clk":"7834178336","pt":1540650825575,"mc":[{"id":"1.150317117","rc":[{"ltp":1.91,"id":2923342}]}]}
{"op":"mcm","clk":"7834489894","pt":1540651696170,"mc":[{"id":"1.150317117","rc":[{"ltp":1.92,"id":2923342}]}]}
{"op":"mcm","clk":"7834641215","pt":1540652274544,"mc":[{"id":"1.150317117","rc":[{"ltp":1.93,"id":2923342},{"ltp":2.06,"id":6324464}]}]}
{"op":"mcm","clk":"7834954890","pt":1540653206525,"mc":[{"id":"1.150317117","rc":[{"ltp":1.9,"id":2923342}]}]}
{"op":"mcm","clk":"7835237425","pt":1540653951432,"mc":[{"id":"1.150317117","rc":[{"ltp":1.89,"id":2923342}]}]}
{"op":"mcm","clk":"7835425936","pt":1540654434755,"mc":[{"id":"1.150317117","rc":[{"ltp":1.88,"id":2923342}]}]}
{"op":"mcm","clk":"7835808149","pt":1540655693532,"mc":[{"id":"1.150317117","rc":[{"ltp":1.89,"id":2923342}]}]}
{"op":"mcm","clk":"7836182842","pt":1540657362777,"mc":[{"id":"1.150317117","rc":[{"ltp":1.82,"id":2923342},{"ltp":2.2,"id":6324464}]}]}
{"op":"mcm","clk":"7836279950","pt":1540657832604,"mc":[{"id":"1.150317117","rc":[{"ltp":1.81,"id":2923342}]}]}
{"op":"mcm","clk":"7836350720","pt":1540658091683,"mc":[{"id":"1.150317117","rc":[{"ltp":1.87,"id":2923342}]}]}
{"op":"mcm","clk":"7836403164","pt":1540658317150,"mc":[{"id":"1.150317117","rc":[{"ltp":2.24,"id":6324464}]}]}
{"op":"mcm","clk":"7836650945","pt":1540659533623,"mc":[{"id":"1.150317117","rc":[{"ltp":1.84,"id":2923342},{"ltp":2.18,"id":6324464}]}]}
{"op":"mcm","clk":"7837263849","pt":1540662647960,"mc":[{"id":"1.150317117","rc":[{"ltp":2.16,"id":6324464}]}]}
{"op":"mcm","clk":"7837271999","pt":1540662698176,"mc":[{"id":"1.150317117","rc":[{"ltp":1.87,"id":2923342},{"ltp":2.12,"id":6324464}]}]}
{"op":"mcm","clk":"7837497261","pt":1540663860128,"mc":[{"id":"1.150317117","rc":[{"ltp":1.9,"id":2923342}]}]}
{"op":"mcm","clk":"7837623169","pt":1540664383122,"mc":[{"id":"1.150317117","rc":[{"ltp":2.18,"id":6324464}]}]}
{"op":"mcm","clk":"7837714701","pt":1540664875847,"mc":[{"id":"1.150317117","rc":[{"ltp":2.12,"id":6324464}]}]}
{"op":"mcm","clk":"7837737957","pt":1540664998251,"mc":[{"id":"1.150317117","rc":[{"ltp":1.85,"id":2923342}]}]}
{"op":"mcm","clk":"7837898829","pt":1540665775222,"mc":[{"id":"1.150317117","rc":[{"ltp":1.89,"id":2923342}]}]}
{"op":"mcm","clk":"7838068510","pt":1540666675825,"mc":[{"id":"1.150317117","rc":[{"ltp":1.88,"id":2923342}]}]}
{"op":"mcm","clk":"7838508265","pt":1540668879214,"mc":[{"id":"1.150317117","rc":[{"ltp":1.89,"id":2923342}]}]}
{"op":"mcm","clk":"7838520012","pt":1540668942746,"mc":[{"id":"1.150317117","rc":[{"ltp":1.88,"id":2923342}]}]}
{"op":"mcm","clk":"7838533661","pt":1540669017446,"mc":[{"id":"1.150317117","rc":[{"ltp":1.86,"id":2923342},{"ltp":2.16,"id":6324464}]}]}
{"op":"mcm","clk":"7838669343","pt":1540669666782,"mc":[{"id":"1.150317117","rc":[{"ltp":1.85,"id":2923342}]}]}
{"op":"mcm","clk":"7838800123","pt":1540670509008,"mc":[{"id":"1.150317117","rc":[{"ltp":2.14,"id":6324464}]}]}
{"op":"mcm","clk":"7838866944","pt":1540670910759,"mc":[{"id":"1.150317117","rc":[{"ltp":1.87,"id":2923342}]}]}
{"op":"mcm","clk":"7838892814","pt":1540671102458,"mc":[{"id":"1.150317117","rc":[{"ltp":1.84,"id":2923342},{"ltp":2.18,"id":6324464}]}]}
{"op":"mcm","clk":"7838965687","pt":1540671516704,"mc":[{"id":"1.150317117","rc":[{"ltp":1.87,"id":2923342}]}]}
{"op":"mcm","clk":"7838998374","pt":1540671760113,"mc":[{"id":"1.150317117","rc":[{"ltp":1.84,"id":2923342}]}]}
{"op":"mcm","clk":"7839060349","pt":1540672319171,"mc":[{"id":"1.150317117","rc":[{"ltp":1.85,"id":2923342}]}]}
{"op":"mcm","clk":"7839108541","pt":1540672603619,"mc":[{"id":"1.150317117","rc":[{"ltp":1.84,"id":2923342}]}]}
{"op":"mcm","clk":"7839143239","pt":1540672902790,"mc":[{"id":"1.150317117","rc":[{"ltp":2.16,"id":6324464}]}]}
{"op":"mcm","clk":"7839147622","pt":1540672943589,"mc":[{"id":"1.150317117","rc":[{"ltp":1.87,"id":2923342}]}]}
{"op":"mcm","clk":"7839223779","pt":1540673499730,"mc":[{"id":"1.150317117","rc":[{"ltp":1.86,"id":2923342}]}]}
{"op":"mcm","clk":"7839245875","pt":1540673686258,"mc":[{"id":"1.150317117","rc":[{"ltp":1.83,"id":2923342},{"ltp":2.2,"id":6324464}]}]}
{"op":"mcm","clk":"7839338960","pt":1540674374193,"mc":[{"id":"1.150317117","rc":[{"ltp":2.18,"id":6324464}]}]}
{"op":"mcm","clk":"7839448226","pt":1540675182202,"mc":[{"id":"1.150317117","rc":[{"ltp":2.2,"id":6324464}]}]}
{"op":"mcm","clk":"7839469960","pt":1540675381349,"mc":[{"id":"1.150317117","rc":[{"ltp":1.85,"id":2923342}]}]}
{"op":"mcm","clk":"7839486353","pt":1540675540546,"mc":[{"id":"1.150317117","rc":[{"ltp":1.83,"id":2923342}]}]}
{"op":"mcm","clk":"7839567627","pt":1540676312246,"mc":[{"id":"1.150317117","rc":[{"ltp":1.85,"id":2923342}]}]}
{"op":"mcm","clk":"7839762164","pt":1540678462823,"mc":[{"id":"1.150317117","rc":[{"ltp":1.83,"id":2923342}]}]}
{"op":"mcm","clk":"7839798340","pt":1540678785200,"mc":[{"id":"1.150317117","rc":[{"ltp":1.84,"id":2923342},{"ltp":2.18,"id":6324464}]}]}
{"op":"mcm","clk":"7839824775","pt":1540679173691,"mc":[{"id":"1.150317117","rc":[{"ltp":1.83,"id":2923342},{"ltp":2.2,"id":6324464}]}]}
{"op":"mcm","clk":"7839966767","pt":1540680983352,"mc":[{"id":"1.150317117","rc":[{"ltp":1.88,"id":2923342},{"ltp":2.16,"id":6324464}]}]}
{"op":"mcm","clk":"7839978567","pt":1540681170243,"mc":[{"id":"1.150317117","rc":[{"ltp":1.83,"id":2923342}]}]}
{"op":"mcm","clk":"7840043822","pt":1540681828417,"mc":[{"id":"1.150317117","rc":[{"ltp":1.86,"id":2923342}]}]}
{"op":"mcm","clk":"7840208723","pt":1540683551229,"mc":[{"id":"1.150317117","rc":[{"ltp":2.2,"id":6324464}]}]}
{"op":"mcm","clk":"7840284893","pt":1540684315514,"mc":[{"id":"1.150317117","rc":[{"ltp":1.84,"id":2923342}]}]}
{"op":"mcm","clk":"7840365737","pt":1540685137128,"mc":[{"id":"1.150317117","rc":[{"ltp":2.16,"id":6324464}]}]}
{"op":"mcm","clk":"7840399546","pt":1540685515663,"mc":[{"id":"1.150317117","rc":[{"ltp":1.83,"id":2923342},{"ltp":2.2,"id":6324464}]}]}
{"op":"mcm","clk":"7840553884","pt":1540687037676,"mc":[{"id":"1.150317117","rc":[{"ltp":2.18,"id":6324464}]}]}
{"op":"mcm","clk":"7840710141","pt":1540688638739,"mc":[{"id":"1.150317117","rc":[{"ltp":1.91,"id":2923342},{"ltp":2.1,"id":6324464}]}]}
{"op":"mcm","clk":"7840777737","pt":1540689415946,"mc":[{"id":"1.150317117","rc":[{"ltp":1.87,"id":2923342}]}]}
{"op":"mcm","clk":"7840799377","pt":1540689512523,"mc":[{"id":"1.150317117","rc":[{"ltp":2.14,"id":6324464}]}]}
{"op":"mcm","clk":"7840855656","pt":1540690242032,"mc":[{"id":"1.150317117","rc":[{"ltp":1.86,"id":2923342},{"ltp":2.16,"id":6324464}]}]}
{"op":"mcm","clk":"7840977767","pt":1540691517563,"mc":[{"id":"1.150317117","rc":[{"ltp":2.12,"id":6324464}]}]}
{"op":"mcm","clk":"7840997713","pt":1540691879009,"mc":[{"id":"1.150317117","rc":[{"ltp":2.16,"id":6324464}]}]}
{"op":"mcm","clk":"7841068116","pt":1540692538052,"mc":[{"id":"1.150317117","rc":[{"ltp":1.85,"id":2923342},{"ltp":2.18,"id":6324464}]}]}
{"op":"mcm","clk":"7841076682","pt":1540692628923,"mc":[{"id":"1.150317117","rc":[{"ltp":1.81,"id":2923342},{"ltp":2.2,"id":6324464}]}]}
{"op":"mcm","clk":"7841192091","pt":1540693811545,"mc":[{"id":"1.150317117","rc":[{"ltp":1.83,"id":2923342}]}]}
{"op":"mcm","clk":"7841230678","pt":1540694093625,"mc":[{"id":"1.150317117","rc":[{"ltp":1.86,"id":2923342},{"ltp":2.16,"id":6324464}]}]}
{"op":"mcm","clk":"7841277310","pt":1540694627735,"mc":[{"id":"1.150317117","rc":[{"ltp":1.84,"id":2923342}]}]}
{"op":"mcm","clk":"7841281375","pt":1540694666759,"mc":[{"id":"1.150317117","rc":[{"ltp":1.85,"id":2923342}]}]}
{"op":"mcm","clk":"7841357252","pt":1540695402428,"mc":[{"id":"1.150317117","rc":[{"ltp":1.84,"id":2923342}]}]}
{"op":"mcm","clk":"7841492315","pt":1540696795959,"mc":[{"id":"1.150317117","rc":[{"ltp":2.18,"id":6324464}]}]}
{"op":"mcm","clk":"7841526888","pt":1540697147778,"mc":[{"id":"1.150317117","rc":[{"ltp":1.82,"id":2923342},{"ltp":2.22,"id":6324464}]}]}
{"op":"mcm","clk":"7841531220","pt":1540697197217,"mc":[{"id":"1.150317117","rc":[{"ltp":1.81,"id":2923342}]}]}
{"op":"mcm","clk":"7841538219","pt":1540697274469,"mc":[{"id":"1.150317117","rc":[{"ltp":2.24,"id":6324464}]}]}
{"op":"mcm","clk":"7841548731","pt":1540697396160,"mc":[{"id":"1.150317117","rc":[{"ltp":2.22,"id":6324464}]}]}
{"op":"mcm","clk":"7841580256","pt":1540697578976,"mc":[{"id":"1.150317117","rc":[{"ltp":1.8,"id":2923342},{"ltp":2.26,"id":6324464}]}]}
{"op":"mcm","clk":"7841585755","pt":1540697638961,"mc":[{"id":"1.150317117","rc":[{"ltp":1.79,"id":2923342},{"ltp":2.24,"id":6324464}]}]}
{"op":"mcm","clk":"7841601129","pt":1540697860388,"mc":[{"id":"1.150317117","rc":[{"ltp":2.22,"id":6324464}]}]}
{"op":"mcm","clk":"7841666513","pt":1540698534076,"mc":[{"id":"1.150317117","rc":[{"ltp":1.83,"id":2923342}]}]}
{"op":"mcm","clk":"7841670806","pt":1540698598554,"mc":[{"id":"1.150317117","rc":[{"ltp":1.87,"id":2923342},{"ltp":2.16,"id":6324464}]}]}
{"op":"mcm","clk":"7841682336","pt":1540698748593,"mc":[{"id":"1.150317117","rc":[{"ltp":1.83,"id":2923342},{"ltp":2.2,"id":6324464}]}]}
{"op":"mcm","clk":"7841841047","pt":1540700331770,"mc":[{"id":"1.150317117","rc":[{"ltp":1.84,"id":2923342}]}]}
{"op":"mcm","clk":"7841859868","pt":1540700576093,"mc":[{"id":"1.150317117","rc":[{"ltp":1.85,"id":2923342}]}]}
{"op":"mcm","clk":"7841873764","pt":1540700733687,"mc":[{"id":"1.150317117","rc":[{"ltp":1.83,"id":2923342}]}]}
{"op":"mcm","clk":"7841893692","pt":1540700969761,"mc":[{"id":"1.150317117","rc":[{"ltp":1.84,"id":2923342}]}]}
{"op":"mcm","clk":"7841930729","pt":1540701269417,"mc":[{"id":"1.150317117","rc":[{"ltp":1.83,"id":2923342}]}]}
{"op":"mcm","clk":"7841949055","pt":1540701478933,"mc":[{"id":"1.150317117","rc":[{"ltp":1.79,"id":2923342},{"ltp":2.26,"id":6324464}]}]}
{"op":"mcm","clk":"7841953635","pt":1540701533624,"mc":[{"id":"1.150317117","rc":[{"ltp":1.84,"id":2923342}]}]}
{"op":"mcm","clk":"7841968013","pt":1540701718553,"mc":[{"id":"1.150317117","rc":[{"ltp":1.79,"id":2923342}]}]}
{"op":"mcm","clk":"7841972595","pt":1540701776460,"mc":[{"id":"1.150317117","rc":[{"ltp":1.83,"id":2923342},{"ltp":2.2,"id":6324464}]}]}
{"op":"mcm","clk":"7841983114","pt":1540701898748,"mc":[{"id":"1.150317117","rc":[{"ltp":1.82,"id":2923342}]}]}
{"op":"mcm","clk":"7841987679","pt":1540701953672,"mc":[{"id":"1.150317117","rc":[{"ltp":1.83,"id":2923342}]}]}
{"op":"mcm","clk":"7842018902","pt":1540702180804,"mc":[{"id":"1.150317117","rc":[{"ltp":1.82,"id":2923342},{"ltp":2.22,"id":6324464}]}]}
{"op":"mcm","clk":"7842110454","pt":1540703208911,"mc":[{"id":"1.150317117","rc":[{"ltp":2.24,"id":6324464}]}]}
{"op":"mcm","clk":"7842153574","pt":1540703569829,"mc":[{"id":"1.150317117","rc":[{"ltp":1.81,"id":2923342}]}]}
{"op":"mcm","clk":"7842246928","pt":1540704233724,"mc":[{"id":"1.150317117","rc":[{"ltp":1.8,"id":2923342}]}]}
{"op":"mcm","clk":"7842261075","pt":1540704356393,"mc":[{"id":"1.150317117","rc":[{"ltp":2.26,"id":6324464}]}]}
{"op":"mcm","clk":"7842482386","pt":1540706087217,"mc":[{"id":"1.150317117","rc":[{"ltp":1.79,"id":2923342}]}]}
{"op":"mcm","clk":"7842499789","pt":1540706246832,"mc":[{"id":"1.150317117","rc":[{"ltp":1.8,"id":2923342},{"ltp":2.24,"id":6324464}]}]}
{"op":"mcm","clk":"7842546993","pt":1540706540114,"mc":[{"id":"1.150317117","rc":[{"ltp":1.82,"id":2923342},{"ltp":2.22,"id":6324464}]}]}
{"op":"mcm","clk":"7842552657","pt":1540706591464,"mc":[{"id":"1.150317117","rc":[{"ltp":1.83,"id":2923342}]}]}
{"op":"mcm","clk":"7842569933","pt":1540706745108,"mc":[{"id":"1.150317117","rc":[{"ltp":1.82,"id":2923342}]}]}
{"op":"mcm","clk":"7842612314","pt":1540707116685,"mc":[{"id":"1.150317117","rc":[{"ltp":1.83,"id":2923342},{"ltp":2.2,"id":6324464}]}]}
{"op":"mcm","clk":"7842682314","pt":1540707531000,"mc":[{"id":"1.150317117","rc":[{"ltp":1.82,"id":2923342}]}]}
{"op":"mcm","clk":"7842717945","pt":1540707774767,"mc":[{"id":"1.150317117","rc":[{"ltp":2.22,"id":6324464}]}]}
{"op":"mcm","clk":"7842777260","pt":1540708192976,"mc":[{"id":"1.150317117","rc":[{"ltp":1.81,"id":2923342}]}]}
{"op":"mcm","clk":"7842855870","pt":1540708673217,"mc":[{"id":"1.150317117","rc":[{"ltp":1.83,"id":2923342}]}]}
{"op":"mcm","clk":"7842869876","pt":1540708782208,"mc":[{"id":"1.150317117","rc":[{"ltp":2.2,"id":6324464}]}]}
{"op":"mcm","clk":"7842889080","pt":1540708918769,"mc":[{"id":"1.150317117","rc":[{"ltp":1.82,"id":2923342}]}]}
{"op":"mcm","clk":"7842910458","pt":1540709064614,"mc":[{"id":"1.150317117","rc":[{"ltp":1.81,"id":2923342}]}]}
{"op":"mcm","clk":"7842918051","pt":1540709122342,"mc":[{"id":"1.150317117","rc":[{"ltp":1.82,"id":2923342}]}]}
{"op":"mcm","clk":"7842984889","pt":1540709570252,"mc":[{"id":"1.150317117","rc":[{"ltp":1.81,"id":2923342}]}]}
{"op":"mcm","clk":"7842997378","pt":1540709682233,"mc":[{"id":"1.150317117","rc":[{"ltp":1.8,"id":2923342},{"ltp":2.22,"id":6324464}]}]}
{"op":"mcm","clk":"7843002025","pt":1540709724703,"mc":[{"id":"1.150317117","rc":[{"ltp":2.26,"id":6324464}]}]}
{"op":"mcm","clk":"7843110621","pt":1540710637444,"mc":[{"id":"1.150317117","rc":[{"ltp":1.81,"id":2923342},{"ltp":2.24,"id":6324464}]}]}
{"op":"mcm","clk":"7843151700","pt":1540711007936,"mc":[{"id":"1.150317117","rc":[{"ltp":2.22,"id":6324464}]}]}
{"op":"mcm","clk":"7843177297","pt":1540711116225,"mc":[{"id":"1.150317117","rc":[{"ltp":1.82,"id":2923342}]}]}
{"op":"mcm","clk":"7843192949","pt":1540711241447,"mc":[{"id":"1.150317117","rc":[{"ltp":1.81,"id":2923342}]}]}
{"op":"mcm","clk":"7843257249","pt":1540711757051,"mc":[{"id":"1.150317117","rc":[{"ltp":2.24,"id":6324464}]}]}
{"op":"mcm","clk":"7843295513","pt":1540711968480,"mc":[{"id":"1.150317117","rc":[{"ltp":2.22,"id":6324464}]}]}
{"op":"mcm","clk":"7843623785","pt":1540714721034,"mc":[{"id":"1.150317117","rc":[{"ltp":1.82,"id":2923342}]}]}
{"op":"mcm","clk":"7843639287","pt":1540714856809,"mc":[{"id":"1.150317117","rc":[{"ltp":1.81,"id":2923342}]}]}
{"op":"mcm","clk":"7843701091","pt":1540715397639,"mc":[{"id":"1.150317117","rc":[{"ltp":2.2,"id":6324464}]}]}
{"op":"mcm","clk":"7843713969","pt":1540715501950,"mc":[{"id":"1.150317117","rc":[{"ltp":2.22,"id":6324464}]}]}
{"op":"mcm","clk":"7843750224","pt":1540715746695,"mc":[{"id":"1.150317117","rc":[{"ltp":1.82,"id":2923342}]}]}
{"op":"mcm","clk":"7843754407","pt":1540715792692,"mc":[{"id":"1.150317117","rc":[{"ltp":1.83,"id":2923342}]}]}
{"op":"mcm","clk":"7843762057","pt":1540715878492,"mc":[{"id":"1.150317117","rc":[{"ltp":1.82,"id":2923342}]}]}
{"op":"mcm","clk":"7843768146","pt":1540715944393,"mc":[{"id":"1.150317117","rc":[{"ltp":1.81,"id":2923342}]}]}
{"op":"mcm","clk":"7843793811","pt":1540716207478,"mc":[{"id":"1.150317117","rc":[{"ltp":1.82,"id":2923342}]}]}
{"op":"mcm","clk":"7843831710","pt":1540716474455,"mc":[{"id":"1.150317117","rc":[{"ltp":1.81,"id":2923342}]}]}
{"op":"mcm","clk":"7843840819","pt":1540716588600,"mc":[{"id":"1.150317117","rc":[{"ltp":1.82,"id":2923342}]}]}
{"op":"mcm","clk":"7843856584","pt":1540716771793,"mc":[{"id":"1.150317117","rc":[{"ltp":1.81,"id":2923342}]}]}
{"op":"mcm","clk":"7843868204","pt":1540716894981,"mc":[{"id":"1.150317117","rc":[{"ltp":1.8,"id":2923342}]}]}
{"op":"mcm","clk":"7843888237","pt":1540717110592,"mc":[{"id":"1.150317117","rc":[{"ltp":1.82,"id":2923342},{"ltp":2.2,"id":6324464}]}]}
{"op":"mcm","clk":"7843943336","pt":1540717528132,"mc":[{"id":"1.150317117","rc":[{"ltp":1.81,"id":2923342}]}]}
{"op":"mcm","clk":"7843950725","pt":1540717601036,"mc":[{"id":"1.150317117","rc":[{"ltp":2.24,"id":6324464}]}]}
{"op":"mcm","clk":"7843957049","pt":1540717669043,"mc":[{"id":"1.150317117","rc":[{"ltp":1.82,"id":2923342},{"ltp":2.22,"id":6324464}]}]}
{"op":"mcm","clk":"7843958569","pt":1540717686306,"mc":[{"id":"1.150317117","rc":[{"ltp":2.24,"id":6324464}]}]}
{"op":"mcm","clk":"7843969089","pt":1540717789984,"mc":[{"id":"1.150317117","rc":[{"ltp":1.81,"id":2923342},{"ltp":2.22,"id":6324464}]}]}
{"op":"mcm","clk":"7844005216","pt":1540718140237,"mc":[{"id":"1.150317117","rc":[{"ltp":2.24,"id":6324464}]}]}
{"op":"mcm","clk":"7844011828","pt":1540718213309,"mc":[{"id":"1.150317117","rc":[{"ltp":2.22,"id":6324464}]}]}
{"op":"mcm","clk":"7844034690","pt":1540718323519,"mc":[{"id":"1.150317117","rc":[{"ltp":2.2,"id":6324464}]}]}
{"op":"mcm","clk":"7844055847","pt":1540718533811,"mc":[{"id":"1.150317117","rc":[{"ltp":1.82,"id":2923342}]}]}
{"op":"mcm","clk":"7844101606","pt":1540718987813,"mc":[{"id":"1.150317117","rc":[{"ltp":2.22,"id":6324464}]}]}
{"op":"mcm","clk":"7844143435","pt":1540719270358,"mc":[{"id":"1.150317117","rc":[{"ltp":1.8,"id":2923342}]}]}
{"op":"mcm","clk":"7844165260","pt":1540719477829,"mc":[{"id":"1.150317117","rc":[{"ltp":1.82,"id":2923342}]}]}
{"op":"mcm","clk":"7844171239","pt":1540719533143,"mc":[{"id":"1.150317117","rc":[{"ltp":1.84,"id":2923342},{"ltp":2.2,"id":6324464}]}]}
{"op":"mcm","clk":"7844178718","pt":1540719598984,"mc":[{"id":"1.150317117","rc":[{"ltp":1.83,"id":2923342}]}]}
{"op":"mcm","clk":"7844183763","pt":1540719639799,"mc":[{"id":"1.150317117","rc":[{"ltp":2.18,"id":6324464}]}]}
{"op":"mcm","clk":"7844192615","pt":1540719713163,"mc":[{"id":"1.150317117","rc":[{"ltp":1.86,"id":2923342},{"ltp":2.16,"id":6324464}]}]}
{"op":"mcm","clk":"7844199762","pt":1540719778446,"mc":[{"id":"1.150317117","rc":[{"ltp":1.87,"id":2923342}]}]}
{"op":"mcm","clk":"7844205700","pt":1540719837003,"mc":[{"id":"1.150317117","rc":[{"ltp":1.86,"id":2923342}]}]}
{"op":"mcm","clk":"7844211724","pt":1540719898996,"mc":[{"id":"1.150317117","rc":[{"ltp":1.85,"id":2923342}]}]}
{"op":"mcm","clk":"7844217765","pt":1540719955898,"mc":[{"id":"1.150317117","rc":[{"ltp":1.86,"id":2923342},{"ltp":2.18,"id":6324464}]}]}
{"op":"mcm","clk":"7844223756","pt":1540720016156,"mc":[{"id":"1.150317117","rc":[{"ltp":2.16,"id":6324464}]}]}
{"op":"mcm","clk":"7844241839","pt":1540720074760,"mc":[{"id":"1.150317117","rc":[{"ltp":1.85,"id":2923342}]}]}
{"op":"mcm","clk":"7844273954","pt":1540720377863,"mc":[{"id":"1.150317117","rc":[{"ltp":1.84,"id":2923342},{"ltp":2.18,"id":6324464}]}]}
{"op":"mcm","clk":"7844279791","pt":1540720426413,"mc":[{"id":"1.150317117","rc":[{"ltp":1.83,"id":2923342}]}]}
{"op":"mcm","clk":"7844295887","pt":1540720557997,"mc":[{"id":"1.150317117","rc":[{"ltp":1.84,"id":2923342}]}]}
{"op":"mcm","clk":"7844318968","pt":1540720735100,"mc":[{"id":"1.150317117","rc":[{"ltp":1.83,"id":2923342}]}]}
{"op":"mcm","clk":"7844326533","pt":1540720798675,"mc":[{"id":"1.150317117","rc":[{"ltp":1.84,"id":2923342}]}]}
{"op":"mcm","clk":"7844371164","pt":1540721037221,"mc":[{"id":"1.150317117","rc":[{"ltp":1.83,"id":2923342},{"ltp":2.22,"id":6324464}]}]}
{"op":"mcm","clk":"7844386760","pt":1540721156072,"mc":[{"id":"1.150317117","rc":[{"ltp":2.2,"id":6324464}]}]}
{"op":"mcm","clk":"7844410630","pt":1540721328850,"mc":[{"id":"1.150317117","rc":[{"ltp":1.82,"id":2923342}]}]}
{"op":"mcm","clk":"7844417238","pt":1540721380014,"mc":[{"id":"1.150317117","rc":[{"ltp":1.83,"id":2923342}]}]}
{"op":"mcm","clk":"7844428497","pt":1540721455939,"mc":[{"id":"1.150317117","rc":[{"ltp":1.82,"id":2923342},{"ltp":2.22,"id":6324464}]}]}
{"op":"mcm","clk":"7844435460","pt":1540721512770,"mc":[{"id":"1.150317117","rc":[{"ltp":1.81,"id":2923342}]}]}
{"op":"mcm","clk":"7844438419","pt":1540721539082,"mc":[{"id":"1.150317117","rc":[{"ltp":1.82,"id":2923342},{"ltp":2.2,"id":6324464}]}]}
{"op":"mcm","clk":"7844466585","pt":1540721757405,"mc":[{"id":"1.150317117","rc":[{"ltp":1.83,"id":2923342}]}]}
{"op":"mcm","clk":"7844510024","pt":1540721992418,"mc":[{"id":"1.150317117","rc":[{"ltp":1.82,"id":2923342}]}]}
{"op":"mcm","clk":"7844517127","pt":1540722047495,"mc":[{"id":"1.150317117","rc":[{"ltp":1.83,"id":2923342}]}]}
{"op":"mcm","clk":"7844540169","pt":1540722231513,"mc":[{"id":"1.150317117","rc":[{"ltp":1.84,"id":2923342}]}]}
{"op":"mcm","clk":"7844548368","pt":1540722298822,"mc":[{"id":"1.150317117","rc":[{"ltp":1.83,"id":2923342},{"ltp":2.22,"id":6324464}]}]}
{"op":"mcm","clk":"7844556082","pt":1540722357839,"mc":[{"id":"1.150317117","rc":[{"ltp":1.82,"id":2923342},{"ltp":2.2,"id":6324464}]}]}
{"op":"mcm","clk":"7844564096","pt":1540722418063,"mc":[{"id":"1.150317117","rc":[{"ltp":1.83,"id":2923342}]}]}
{"op":"mcm","clk":"7844571702","pt":1540722478887,"mc":[{"id":"1.150317117","rc":[{"ltp":1.81,"id":2923342}]}]}
{"op":"mcm","clk":"7844576591","pt":1540722518555,"mc":[{"id":"1.150317117","rc":[{"ltp":1.82,"id":2923342},{"ltp":2.22,"id":6324464}]}]}
{"op":"mcm","clk":"7844623940","pt":1540722778659,"mc":[{"id":"1.150317117","rc":[{"ltp":1.83,"id":2923342},{"ltp":2.2,"id":6324464}]}]}
{"op":"mcm","clk":"7844639065","pt":1540722886046,"mc":[{"id":"1.150317117","rc":[{"ltp":1.82,"id":2923342},{"ltp":2.22,"id":6324464}]}]}
{"op":"mcm","clk":"7844648561","pt":1540722950038,"mc":[{"id":"1.150317117","rc":[{"ltp":2.2,"id":6324464}]}]}
{"op":"mcm","clk":"7844666473","pt":1540723073477,"mc":[{"id":"1.150317117","rc":[{"ltp":2.22,"id":6324464}]}]}
{"op":"mcm","clk":"7844683143","pt":1540723187105,"mc":[{"id":"1.150317117","rc":[{"ltp":2.2,"id":6324464}]}]}
{"op":"mcm","clk":"7844693325","pt":1540723259016,"mc":[{"id":"1.150317117","rc":[{"ltp":1.81,"id":2923342},{"ltp":2.22,"id":6324464}]}]}
{"op":"mcm","clk":"7844708723","pt":1540723378015,"mc":[{"id":"1.150317117","rc":[{"ltp":2.24,"id":6324464}]}]}
{"op":"mcm","clk":"7844723520","pt":1540723496776,"mc":[{"id":"1.150317117","rc":[{"ltp":1.82,"id":2923342}]}]}
{"op":"mcm","clk":"7844731744","pt":1540723558314,"mc":[{"id":"1.150317117","rc":[{"ltp":1.81,"id":2923342},{"ltp":2.22,"id":6324464}]}]}
{"op":"mcm","clk":"7844758602","pt":1540723675858,"mc":[{"id":"1.150317117","rc":[{"ltp":1.82,"id":2923342}]}]}
{"op":"mcm","clk":"7844765785","pt":1540723732667,"mc":[{"id":"1.150317117","rc":[{"ltp":1.81,"id":2923342}]}]}
{"op":"mcm","clk":"7844797531","pt":1540723974661,"mc":[{"id":"1.150317117","rc":[{"ltp":2.2,"id":6324464}]}]}
{"op":"mcm","clk":"7844803516","pt":1540724026391,"mc":[{"id":"1.150317117","rc":[{"ltp":1.82,"id":2923342},{"ltp":2.22,"id":6324464}]}]}
{"op":"mcm","clk":"7844811439","pt":1540724088811,"mc":[{"id":"1.150317117","rc":[{"ltp":2.2,"id":6324464}]}]}
{"op":"mcm","clk":"7844827576","pt":1540724218278,"mc":[{"id":"1.150317117","rc":[{"ltp":1.81,"id":2923342},{"ltp":2.22,"id":6324464}]}]}
{"op":"mcm","clk":"7844842960","pt":1540724333759,"mc":[{"id":"1.150317117","rc":[{"ltp":1.82,"id":2923342}]}]}
{"op":"mcm","clk":"7844850517","pt":1540724392303,"mc":[{"id":"1.150317117","rc":[{"ltp":2.2,"id":6324464}]}]}
{"op":"mcm","clk":"7844870152","pt":1540724516191,"mc":[{"id":"1.150317117","rc":[{"ltp":2.22,"id":6324464}]}]}
{"op":"mcm","clk":"7844910894","pt":1540724697861,"mc":[{"id":"1.150317117","rc":[{"ltp":1.81,"id":2923342}]}]}
{"op":"mcm","clk":"7844950840","pt":1540724926244,"mc":[{"id":"1.150317117","rc":[{"ltp":2.24,"id":6324464}]}]}
{"op":"mcm","clk":"7844960732","pt":1540724978836,"mc":[{"id":"1.150317117","rc":[{"ltp":1.82,"id":2923342},{"ltp":2.22,"id":6324464}]}]}
{"op":"mcm","clk":"7844986908","pt":1540725117760,"mc":[{"id":"1.150317117","rc":[{"ltp":1.81,"id":2923342}]}]}
{"op":"mcm","clk":"7845007581","pt":1540725236989,"mc":[{"id":"1.150317117","rc":[{"ltp":1.82,"id":2923342}]}]}
{"op":"mcm","clk":"7845019125","pt":1540725298263,"mc":[{"id":"1.150317117","rc":[{"ltp":2.2,"id":6324464}]}]}
{"op":"mcm","clk":"7845029750","pt":1540725357369,"mc":[{"id":"1.150317117","rc":[{"ltp":2.22,"id":6324464}]}]}
{"op":"mcm","clk":"7845039320","pt":1540725410758,"mc":[{"id":"1.150317117","rc":[{"ltp":1.81,"id":2923342}]}]}
{"op":"mcm","clk":"7845113692","pt":1540725778563,"mc":[{"id":"1.150317117","rc":[{"ltp":1.82,"id":2923342}]}]}
{"op":"mcm","clk":"7845124007","pt":1540725838982,"mc":[{"id":"1.150317117","marketDefinition":{"bspMarket":false,"turnInPlayEnabled":true,"persistenceEnabled":true,"marketBaseRate":5.0,"eventId":"28979661","eventTypeId":"2","numberOfWinners":1,"bettingType":"ODDS","marketType":"MATCH_ODDS","marketTime":"2018-10-28T11:19:00.000Z","suspendTime":"2018-10-28T11:19:00.000Z","bspReconciled":false,"complete":true,"inPlay":false,"crossMatching":true,"runnersVoidable":false,"numberOfActiveRunners":2,"betDelay":0,"status":"OPEN","runners":[{"status":"ACTIVE","sortPriority":1,"id":2923342,"name":"Sloane Stephens"},{"status":"ACTIVE","sortPriority":2,"id":6324464,"name":"Elina Svitolina"}],"regulators":["MR_INT"],"countryCode":"SG","discountAllowed":true,"timezone":"UTC","openDate":"2018-10-28T11:19:00.000Z","version":2481669612,"name":"Match Odds","eventName":"Stephens v Svitolina"},"rc":[{"ltp":1.83,"id":2923342},{"ltp":2.18,"id":6324464}]}]}
{"op":"mcm","clk":"7845133857","pt":1540725898639,"mc":[{"id":"1.150317117","rc":[{"ltp":1.85,"id":2923342}]}]}
{"op":"mcm","clk":"7845143761","pt":1540725957158,"mc":[{"id":"1.150317117","rc":[{"ltp":1.84,"id":2923342},{"ltp":2.16,"id":6324464}]}]}
{"op":"mcm","clk":"7845155217","pt":1540726018945,"mc":[{"id":"1.150317117","rc":[{"ltp":1.83,"id":2923342},{"ltp":2.2,"id":6324464}]}]}
{"op":"mcm","clk":"7845165744","pt":1540726077465,"mc":[{"id":"1.150317117","rc":[{"ltp":1.84,"id":2923342},{"ltp":2.18,"id":6324464}]}]}
{"op":"mcm","clk":"7845176473","pt":1540726137301,"mc":[{"id":"1.150317117","rc":[{"ltp":1.85,"id":2923342},{"ltp":2.16,"id":6324464}]}]}
{"op":"mcm","clk":"7845187029","pt":1540726199003,"mc":[{"id":"1.150317117","rc":[{"ltp":1.86,"id":2923342},{"ltp":2.18,"id":6324464}]}]}
{"op":"mcm","clk":"7845207752","pt":1540726316017,"mc":[{"id":"1.150317117","rc":[{"ltp":2.14,"id":6324464}]}]}
{"op":"mcm","clk":"7845241995","pt":1540726437937,"mc":[{"id":"1.150317117","rc":[{"ltp":2.16,"id":6324464}]}]}
{"op":"mcm","clk":"7845251963","pt":1540726496766,"mc":[{"id":"1.150317117","rc":[{"ltp":1.89,"id":2923342},{"ltp":2.12,"id":6324464}]}]}
{"op":"mcm","clk":"7845263266","pt":1540726558628,"mc":[{"id":"1.150317117","rc":[{"ltp":1.9,"id":2923342},{"ltp":2.1,"id":6324464}]}]}
{"op":"mcm","clk":"7845275669","pt":1540726619047,"mc":[{"id":"1.150317117","rc":[{"ltp":1.92,"id":2923342},{"ltp":2.08,"id":6324464}]}]}
{"op":"mcm","clk":"7845286840","pt":1540726677919,"mc":[{"id":"1.150317117","rc":[{"ltp":1.9,"id":2923342},{"ltp":2.1,"id":6324464}]}]}
{"op":"mcm","clk":"7845298121","pt":1540726738535,"mc":[{"id":"1.150317117","rc":[{"ltp":1.93,"id":2923342},{"ltp":2.06,"id":6324464}]}]}
{"op":"mcm","clk":"7845309427","pt":1540726798917,"mc":[{"id":"1.150317117","rc":[{"ltp":1.92,"id":2923342},{"ltp":2.08,"id":6324464}]}]}
{"op":"mcm","clk":"7845320809","pt":1540726859083,"mc":[{"id":"1.150317117","rc":[{"ltp":1.87,"id":2923342},{"ltp":2.12,"id":6324464}]}]}
{"op":"mcm","clk":"7845331722","pt":1540726918472,"mc":[{"id":"1.150317117","rc":[{"ltp":1.85,"id":2923342},{"ltp":2.16,"id":6324464}]}]}
{"op":"mcm","clk":"7845343010","pt":1540726977913,"mc":[{"id":"1.150317117","rc":[{"ltp":2.18,"id":6324464}]}]}
{"op":"mcm","clk":"7845353747","pt":1540727038494,"mc":[{"id":"1.150317117","rc":[{"ltp":2.16,"id":6324464}]}]}
{"op":"mcm","clk":"7845364778","pt":1540727098968,"mc":[{"id":"1.150317117","marketDefinition":{"bspMarket":false,"turnInPlayEnabled":true,"persistenceEnabled":true,"marketBaseRate":5.0,"eventId":"28979661","eventTypeId":"2","numberOfWinners":1,"bettingType":"ODDS","marketType":"MATCH_ODDS","marketTime":"2018-10-28T11:19:00.000Z","suspendTime":"2018-10-28T11:19:00.000Z","bspReconciled":false,"complete":true,"inPlay":true,"crossMatching":true,"runnersVoidable":false,"numberOfActiveRunners":2,"betDelay":5,"status":"OPEN","runners":[{"status":"ACTIVE","sortPriority":1,"id":2923342,"name":"Sloane Stephens"},{"status":"ACTIVE","sortPriority":2,"id":6324464,"name":"Elina Svitolina"}],"regulators":["MR_INT"],"countryCode":"SG","discountAllowed":true,"timezone":"UTC","openDate":"2018-10-28T11:19:00.000Z","version":2481763832,"name":"Match Odds","eventName":"Stephens v Svitolina"},"rc":[{"ltp":1.77,"id":2923342},{"ltp":2.28,"id":6324464}]}]}
{"op":"mcm","clk":"7845376121","pt":1540727158764,"mc":[{"id":"1.150317117","rc":[{"ltp":1.98,"id":2923342},{"ltp":2.02,"id":6324464}]}]}
{"op":"mcm","clk":"7845387678","pt":1540727219069,"mc":[{"id":"1.150317117","rc":[{"ltp":1.73,"id":2923342},{"ltp":2.4,"id":6324464}]}]}
{"op":"mcm","clk":"7845410470","pt":1540727278828,"mc":[{"id":"1.150317117","rc":[{"ltp":1.67,"id":2923342},{"ltp":2.42,"id":6324464}]}]}
{"op":"mcm","clk":"7845420706","pt":1540727339040,"mc":[{"id":"1.150317117","rc":[{"ltp":1.56,"id":2923342},{"ltp":2.76,"id":6324464}]}]}
{"op":"mcm","clk":"7845429893","pt":1540727399049,"mc":[{"id":"1.150317117","rc":[{"ltp":1.45,"id":2923342},{"ltp":3.25,"id":6324464}]}]}
{"op":"mcm","clk":"7845439109","pt":1540727459082,"mc":[{"id":"1.150317117","rc":[{"ltp":1.44,"id":2923342},{"ltp":3.15,"id":6324464}]}]}
{"op":"mcm","clk":"7845447393","pt":1540727518945,"mc":[{"id":"1.150317117","rc":[{"ltp":1.47,"id":2923342},{"ltp":3.1,"id":6324464}]}]}
{"op":"mcm","clk":"7845456429","pt":1540727579012,"mc":[{"id":"1.150317117","rc":[{"ltp":1.37,"id":2923342},{"ltp":3.7,"id":6324464}]}]}
{"op":"mcm","clk":"7845464769","pt":1540727638623,"mc":[{"id":"1.150317117","rc":[{"ltp":1.51,"id":2923342},{"ltp":2.94,"id":6324464}]}]}
{"op":"mcm","clk":"7845473495","pt":1540727698703,"mc":[{"id":"1.150317117","rc":[{"ltp":1.44,"id":2923342},{"ltp":3.2,"id":6324464}]}]}
{"op":"mcm","clk":"7845482589","pt":1540727758769,"mc":[{"id":"1.150317117","rc":[{"ltp":1.54,"id":2923342},{"ltp":2.84,"id":6324464}]}]}
{"op":"mcm","clk":"7845491643","pt":1540727818999,"mc":[{"id":"1.150317117","rc":[{"ltp":1.4,"id":2923342},{"ltp":3.5,"id":6324464}]}]}
{"op":"mcm","clk":"7845500045","pt":1540727878871,"mc":[{"id":"1.150317117","rc":[{"ltp":1.37,"id":2923342},{"ltp":3.75,"id":6324464}]}]}
{"op":"mcm","clk":"7845508617","pt":1540727938191,"mc":[{"id":"1.150317117","rc":[{"ltp":1.36,"id":2923342},{"ltp":3.8,"id":6324464}]}]}
{"op":"mcm","clk":"7845516952","pt":1540727998754,"mc":[{"id":"1.150317117","rc":[{"ltp":1.33,"id":2923342},{"ltp":4.0,"id":6324464}]}]}
{"op":"mcm","clk":"7845527420","pt":1540728058832,"mc":[{"id":"1.150317117","rc":[{"ltp":1.29,"id":2923342},{"ltp":4.3,"id":6324464}]}]}
{"op":"mcm","clk":"7845537979","pt":1540728119070,"mc":[{"id":"1.150317117","rc":[{"ltp":1.36,"id":2923342},{"ltp":3.75,"id":6324464}]}]}
{"op":"mcm","clk":"7845560923","pt":1540728178480,"mc":[{"id":"1.150317117","rc":[{"ltp":1.37,"id":2923342},{"ltp":3.7,"id":6324464}]}]}
{"op":"mcm","clk":"7845572185","pt":1540728238729,"mc":[{"id":"1.150317117","rc":[{"ltp":1.44,"id":2923342},{"ltp":3.3,"id":6324464}]}]}
{"op":"mcm","clk":"7845583662","pt":1540728298989,"mc":[{"id":"1.150317117","rc":[{"ltp":1.45,"id":2923342},{"ltp":3.0,"id":6324464}]}]}
{"op":"mcm","clk":"7845595628","pt":1540728359075,"mc":[{"id":"1.150317117","rc":[{"ltp":1.41,"id":2923342},{"ltp":3.55,"id":6324464}]}]}
{"op":"mcm","clk":"7845607289","pt":1540728418887,"mc":[{"id":"1.150317117","rc":[{"ltp":1.48,"id":2923342},{"ltp":3.15,"id":6324464}]}]}
{"op":"mcm","clk":"7845619777","pt":1540728478927,"mc":[{"id":"1.150317117","rc":[{"ltp":1.35,"id":2923342},{"ltp":3.85,"id":6324464}]}]}
{"op":"mcm","clk":"7845632170","pt":1540728538758,"mc":[{"id":"1.150317117","rc":[{"ltp":1.34,"id":2923342},{"ltp":3.9,"id":6324464}]}]}
{"op":"mcm","clk":"7845644637","pt":1540728599047,"mc":[{"id":"1.150317117","rc":[{"ltp":1.33,"id":2923342},{"ltp":4.0,"id":6324464}]}]}
{"op":"mcm","clk":"7845658393","pt":1540728658825,"mc":[{"id":"1.150317117","rc":[{"ltp":1.27,"id":2923342},{"ltp":4.7,"id":6324464}]}]}
{"op":"mcm","clk":"7845671505","pt":1540728719003,"mc":[{"id":"1.150317117","rc":[{"ltp":1.26,"id":2923342}]}]}
{"op":"mcm","clk":"7845683489","pt":1540728778949,"mc":[{"id":"1.150317117","rc":[{"ltp":1.33,"id":2923342},{"ltp":4.0,"id":6324464}]}]}
{"op":"mcm","clk":"7845696167","pt":1540728838962,"mc":[{"id":"1.150317117","rc":[{"ltp":1.37,"id":2923342},{"ltp":3.7,"id":6324464}]}]}
{"op":"mcm","clk":"7845709543","pt":1540728899009,"mc":[{"id":"1.150317117","rc":[{"ltp":3.75,"id":6324464}]}]}
{"op":"mcm","clk":"7845722620","pt":1540728959031,"mc":[{"id":"1.150317117","rc":[{"ltp":1.51,"id":2923342},{"ltp":2.96,"id":6324464}]}]}
{"op":"mcm","clk":"7845734891","pt":1540729019070,"mc":[{"id":"1.150317117","rc":[{"ltp":1.44,"id":2923342},{"ltp":3.3,"id":6324464}]}]}
{"op":"mcm","clk":"7845758853","pt":1540729079052,"mc":[{"id":"1.150317117","rc":[{"ltp":1.55,"id":2923342},{"ltp":2.82,"id":6324464}]}]}
{"op":"mcm","clk":"7845770191","pt":1540729138875,"mc":[{"id":"1.150317117","rc":[{"ltp":1.47,"id":2923342},{"ltp":3.15,"id":6324464}]}]}
{"op":"mcm","clk":"7845782336","pt":1540729198838,"mc":[{"id":"1.150317117","rc":[{"ltp":3.1,"id":6324464}]}]}
{"op":"mcm","clk":"7845794778","pt":1540729259060,"mc":[{"id":"1.150317117","rc":[{"ltp":1.4,"id":2923342},{"ltp":3.5,"id":6324464}]}]}
{"op":"mcm","clk":"7845806997","pt":1540729318627,"mc":[{"id":"1.150317117","rc":[{"ltp":1.33,"id":2923342},{"ltp":3.95,"id":6324464}]}]}
{"op":"mcm","clk":"7845819105","pt":1540729379038,"mc":[{"id":"1.150317117","rc":[{"ltp":1.32,"id":2923342},{"ltp":4.1,"id":6324464}]}]}
{"op":"mcm","clk":"7845830727","pt":1540729439089,"mc":[{"id":"1.150317117","rc":[{"ltp":1.34,"id":2923342},{"ltp":3.85,"id":6324464}]}]}
{"op":"mcm","clk":"7845842367","pt":1540729498394,"mc":[{"id":"1.150317117","rc":[{"ltp":1.35,"id":2923342},{"ltp":3.75,"id":6324464}]}]}
{"op":"mcm","clk":"7845867210","pt":1540729618994,"mc":[{"id":"1.150317117","rc":[{"ltp":1.41,"id":2923342},{"ltp":3.6,"id":6324464}]}]}
{"op":"mcm","clk":"7845879178","pt":1540729679005,"mc":[{"id":"1.150317117","rc":[{"ltp":1.45,"id":2923342},{"ltp":3.15,"id":6324464}]}]}
{"op":"mcm","clk":"7845891402","pt":1540729739064,"mc":[{"id":"1.150317117","rc":[{"ltp":1.33,"id":2923342},{"ltp":3.95,"id":6324464}]}]}
{"op":"mcm","clk":"7845903750","pt":1540729798882,"mc":[{"id":"1.150317117","rc":[{"ltp":1.32,"id":2923342},{"ltp":4.0,"id":6324464}]}]}
{"op":"mcm","clk":"7845917730","pt":1540729859035,"mc":[{"id":"1.150317117","rc":[{"ltp":1.28,"id":2923342},{"ltp":4.5,"id":6324464}]}]}
{"op":"mcm","clk":"7845930917","pt":1540729919042,"mc":[{"id":"1.150317117","rc":[{"ltp":1.3,"id":2923342}]}]}
{"op":"mcm","clk":"7845955973","pt":1540729979081,"mc":[{"id":"1.150317117","rc":[{"ltp":1.29,"id":2923342},{"ltp":4.4,"id":6324464}]}]}
{"op":"mcm","clk":"7845982804","pt":1540730099073,"mc":[{"id":"1.150317117","rc":[{"ltp":1.3,"id":2923342}]}]}
{"op":"mcm","clk":"7845996293","pt":1540730158551,"mc":[{"id":"1.150317117","rc":[{"ltp":1.29,"id":2923342},{"ltp":4.5,"id":6324464}]}]}
{"op":"mcm","clk":"7846009238","pt":1540730217780,"mc":[{"id":"1.150317117","rc":[{"ltp":1.33,"id":2923342},{"ltp":4.3,"id":6324464}]}]}
{"op":"mcm","clk":"7846022188","pt":1540730279076,"mc":[{"id":"1.150317117","rc":[{"ltp":1.42,"id":2923342},{"ltp":3.4,"id":6324464}]}]}
{"op":"mcm","clk":"7846035794","pt":1540730338785,"mc":[{"id":"1.150317117","rc":[{"ltp":1.41,"id":2923342},{"ltp":3.45,"id":6324464}]}]}
{"op":"mcm","clk":"7846062812","pt":1540730458718,"mc":[{"id":"1.150317117","rc":[{"ltp":1.37,"id":2923342},{"ltp":3.75,"id":6324464}]}]}
{"op":"mcm","clk":"7846076261","pt":1540730518993,"mc":[{"id":"1.150317117","rc":[{"ltp":3.9,"id":6324464}]}]}
{"op":"mcm","clk":"7846089761","pt":1540730579072,"mc":[{"id":"1.150317117","rc":[{"ltp":1.35,"id":2923342},{"ltp":3.95,"id":6324464}]}]}
{"op":"mcm","clk":"7846102822","pt":1540730639008,"mc":[{"id":"1.150317117","rc":[{"ltp":1.36,"id":2923342},{"ltp":3.75,"id":6324464}]}]}
{"op":"mcm","clk":"7846116538","pt":1540730698992,"mc":[{"id":"1.150317117","rc":[{"ltp":1.42,"id":2923342},{"ltp":3.3,"id":6324464}]}]}
{"op":"mcm","clk":"7846129746","pt":1540730758882,"mc":[{"id":"1.150317117","rc":[{"ltp":1.46,"id":2923342},{"ltp":3.25,"id":6324464}]}]}
{"op":"mcm","clk":"7846142475","pt":1540730819036,"mc":[{"id":"1.150317117","rc":[{"ltp":1.4,"id":2923342},{"ltp":3.35,"id":6324464}]}]}
{"op":"mcm","clk":"7846166844","pt":1540730878785,"mc":[{"id":"1.150317117","rc":[{"ltp":1.46,"id":2923342},{"ltp":3.15,"id":6324464}]}]}
{"op":"mcm","clk":"7846179176","pt":1540730939072,"mc":[{"id":"1.150317117","rc":[{"ltp":1.42,"id":2923342},{"ltp":3.35,"id":6324464}]}]}
{"op":"mcm","clk":"7846190608","pt":1540730999059,"mc":[{"id":"1.150317117","rc":[{"ltp":1.41,"id":2923342},{"ltp":3.4,"id":6324464}]}]}
{"op":"mcm","clk":"7846203449","pt":1540731058986,"mc":[{"id":"1.150317117","rc":[{"ltp":1.61,"id":2923342},{"ltp":2.68,"id":6324464}]}]}
{"op":"mcm","clk":"7846215990","pt":1540731119049,"mc":[{"id":"1.150317117","rc":[{"ltp":1.77,"id":2923342},{"ltp":2.3,"id":6324464}]}]}
{"op":"mcm","clk":"7846228437","pt":1540731178978,"mc":[{"id":"1.150317117","rc":[{"ltp":1.72,"id":2923342},{"ltp":2.32,"id":6324464}]}]}
{"op":"mcm","clk":"7846240206","pt":1540731239009,"mc":[{"id":"1.150317117","rc":[{"ltp":1.83,"id":2923342},{"ltp":2.2,"id":6324464}]}]}
{"op":"mcm","clk":"7846251472","pt":1540731299072,"mc":[{"id":"1.150317117","rc":[{"ltp":1.71,"id":2923342},{"ltp":2.34,"id":6324464}]}]}
{"op":"mcm","clk":"7846262926","pt":1540731358999,"mc":[{"id":"1.150317117","rc":[{"ltp":1.58,"id":2923342},{"ltp":2.68,"id":6324464}]}]}
{"op":"mcm","clk":"7846273726","pt":1540731418426,"mc":[{"id":"1.150317117","rc":[{"ltp":1.71,"id":2923342},{"ltp":2.42,"id":6324464}]}]}
{"op":"mcm","clk":"7846285520","pt":1540731479049,"mc":[{"id":"1.150317117","rc":[{"ltp":1.7,"id":2923342}]}]}
{"op":"mcm","clk":"7846296877","pt":1540731539083,"mc":[{"id":"1.150317117","rc":[{"ltp":1.58,"id":2923342},{"ltp":2.68,"id":6324464}]}]}
{"op":"mcm","clk":"7846309278","pt":1540731598895,"mc":[{"id":"1.150317117","rc":[{"ltp":1.46,"id":2923342},{"ltp":3.15,"id":6324464}]}]}
{"op":"mcm","clk":"7846322189","pt":1540731658647,"mc":[{"id":"1.150317117","rc":[{"ltp":1.45,"id":2923342},{"ltp":3.2,"id":6324464}]}]}
{"op":"mcm","clk":"7846334685","pt":1540731719020,"mc":[{"id":"1.150317117","rc":[{"ltp":1.37,"id":2923342},{"ltp":3.85,"id":6324464}]}]}
{"op":"mcm","clk":"7846358760","pt":1540731778563,"mc":[{"id":"1.150317117","rc":[{"ltp":1.39,"id":2923342},{"ltp":3.5,"id":6324464}]}]}
{"op":"mcm","clk":"7846371913","pt":1540731839097,"mc":[{"id":"1.150317117","rc":[{"ltp":1.58,"id":2923342},{"ltp":2.72,"id":6324464}]}]}
{"op":"mcm","clk":"7846385581","pt":1540731899096,"mc":[{"id":"1.150317117","rc":[{"ltp":1.76,"id":2923342},{"ltp":2.3,"id":6324464}]}]}
{"op":"mcm","clk":"7846399397","pt":1540731958260,"mc":[{"id":"1.150317117","rc":[{"ltp":1.65,"id":2923342},{"ltp":2.52,"id":6324464}]}]}
{"op":"mcm","clk":"7846412695","pt":1540732018888,"mc":[{"id":"1.150317117","rc":[{"ltp":1.56,"id":2923342},{"ltp":2.72,"id":6324464}]}]}
{"op":"mcm","clk":"7846427198","pt":1540732078838,"mc":[{"id":"1.150317117","rc":[{"ltp":1.73,"id":2923342},{"ltp":2.36,"id":6324464}]}]}
{"op":"mcm","clk":"7846441558","pt":1540732139028,"mc":[{"id":"1.150317117","rc":[{"ltp":1.72,"id":2923342},{"ltp":2.38,"id":6324464}]}]}
{"op":"mcm","clk":"7846456073","pt":1540732199068,"mc":[{"id":"1.150317117","rc":[{"ltp":1.73,"id":2923342}]}]}
{"op":"mcm","clk":"7846471189","pt":1540732259049,"mc":[{"id":"1.150317117","rc":[{"ltp":1.84,"id":2923342},{"ltp":2.22,"id":6324464}]}]}
{"op":"mcm","clk":"7846486100","pt":1540732319048,"mc":[{"id":"1.150317117","rc":[{"ltp":1.94,"id":2923342},{"ltp":2.06,"id":6324464}]}]}
{"op":"mcm","clk":"7846500817","pt":1540732379067,"mc":[{"id":"1.150317117","rc":[{"ltp":1.99,"id":2923342},{"ltp":2.02,"id":6324464}]}]}
{"op":"mcm","clk":"7846515621","pt":1540732438852,"mc":[{"id":"1.150317117","rc":[{"ltp":1.89,"id":2923342},{"ltp":2.1,"id":6324464}]}]}
{"op":"mcm","clk":"7846530855","pt":1540732499060,"mc":[{"id":"1.150317117","rc":[{"ltp":2.06,"id":2923342},{"ltp":1.96,"id":6324464}]}]}
{"op":"mcm","clk":"7846545604","pt":1540732558984,"mc":[{"id":"1.150317117","rc":[{"ltp":2.08,"id":2923342},{"ltp":1.91,"id":6324464}]}]}
{"op":"mcm","clk":"7846559886","pt":1540732618924,"mc":[{"id":"1.150317117","rc":[{"ltp":1.99,"id":2923342},{"ltp":2.0,"id":6324464}]}]}
{"op":"mcm","clk":"7846599783","pt":1540732739080,"mc":[{"id":"1.150317117","rc":[{"ltp":2.18,"id":2923342},{"ltp":1.86,"id":6324464}]}]}
{"op":"mcm","clk":"7846613292","pt":1540732798917,"mc":[{"id":"1.150317117","rc":[{"ltp":2.3,"id":2923342},{"ltp":1.76,"id":6324464}]}]}
{"op":"mcm","clk":"7846626799","pt":1540732858636,"mc":[{"id":"1.150317117","rc":[{"ltp":2.34,"id":2923342},{"ltp":1.75,"id":6324464}]}]}
{"op":"mcm","clk":"7846640359","pt":1540732919060,"mc":[{"id":"1.150317117","rc":[{"ltp":2.36,"id":2923342}]}]}
{"op":"mcm","clk":"7846653803","pt":1540732979078,"mc":[{"id":"1.150317117","rc":[{"ltp":2.28,"id":2923342},{"ltp":1.79,"id":6324464}]}]}
{"op":"mcm","clk":"7846668159","pt":1540733038815,"mc":[{"id":"1.150317117","rc":[{"ltp":2.82,"id":2923342},{"ltp":1.53,"id":6324464}]}]}
{"op":"mcm","clk":"7846682453","pt":1540733098906,"mc":[{"id":"1.150317117","rc":[{"ltp":3.0,"id":2923342},{"ltp":1.49,"id":6324464}]}]}
{"op":"mcm","clk":"7846696471","pt":1540733159045,"mc":[{"id":"1.150317117","rc":[{"ltp":2.96,"id":2923342},{"ltp":1.51,"id":6324464}]}]}
{"op":"mcm","clk":"7846710179","pt":1540733218974,"mc":[{"id":"1.150317117","rc":[{"ltp":3.6,"id":2923342},{"ltp":1.38,"id":6324464}]}]}
{"op":"mcm","clk":"7846724079","pt":1540733278875,"mc":[{"id":"1.150317117","rc":[{"ltp":2.62,"id":2923342},{"ltp":1.6,"id":6324464}]}]}
{"op":"mcm","clk":"7846737389","pt":1540733337688,"mc":[{"id":"1.150317117","rc":[{"ltp":3.1,"id":2923342},{"ltp":1.48,"id":6324464}]}]}
{"op":"mcm","clk":"7846751476","pt":1540733398982,"mc":[{"id":"1.150317117","rc":[{"ltp":1.47,"id":6324464}]}]}
{"op":"mcm","clk":"7846767105","pt":1540733458987,"mc":[{"id":"1.150317117","rc":[{"ltp":3.15,"id":2923342},{"ltp":1.46,"id":6324464}]}]}
{"op":"mcm","clk":"7846781917","pt":1540733519014,"mc":[{"id":"1.150317117","rc":[{"ltp":2.68,"id":2923342},{"ltp":1.62,"id":6324464}]}]}
{"op":"mcm","clk":"7846808756","pt":1540733578762,"mc":[{"id":"1.150317117","rc":[{"ltp":3.85,"id":2923342},{"ltp":1.35,"id":6324464}]}]}
{"op":"mcm","clk":"7846824004","pt":1540733638947,"mc":[{"id":"1.150317117","rc":[{"ltp":5.5,"id":2923342},{"ltp":1.23,"id":6324464}]}]}
{"op":"mcm","clk":"7846839206","pt":1540733699075,"mc":[{"id":"1.150317117","rc":[{"ltp":4.8,"id":2923342},{"ltp":1.29,"id":6324464}]}]}
{"op":"mcm","clk":"7846854182","pt":1540733758886,"mc":[{"id":"1.150317117","rc":[{"ltp":3.75,"id":2923342},{"ltp":1.38,"id":6324464}]}]}
{"op":"mcm","clk":"7846869075","pt":1540733819031,"mc":[{"id":"1.150317117","rc":[{"ltp":3.5,"id":2923342},{"ltp":1.41,"id":6324464}]}]}
{"op":"mcm","clk":"7846884056","pt":1540733879073,"mc":[{"id":"1.150317117","rc":[{"ltp":3.9,"id":2923342},{"ltp":1.4,"id":6324464}]}]}
{"op":"mcm","clk":"7846899987","pt":1540733938726,"mc":[{"id":"1.150317117","rc":[{"ltp":1.34,"id":6324464}]}]}
{"op":"mcm","clk":"7846916296","pt":1540733999015,"mc":[{"id":"1.150317117","rc":[{"ltp":1.33,"id":6324464}]}]}
{"op":"mcm","clk":"7846931938","pt":1540734058479,"mc":[{"id":"1.150317117","rc":[{"ltp":4.8,"id":2923342},{"ltp":1.26,"id":6324464}]}]}
{"op":"mcm","clk":"7846946923","pt":1540734119032,"mc":[{"id":"1.150317117","rc":[{"ltp":4.7,"id":2923342},{"ltp":1.27,"id":6324464}]}]}
{"op":"mcm","clk":"7846961848","pt":1540734178839,"mc":[{"id":"1.150317117","rc":[{"ltp":5.3,"id":2923342},{"ltp":1.23,"id":6324464}]}]}
{"op":"mcm","clk":"7846976024","pt":1540734238984,"mc":[{"id":"1.150317117","rc":[{"ltp":4.8,"id":2923342},{"ltp":1.26,"id":6324464}]}]}
{"op":"mcm","clk":"7846989515","pt":1540734298541,"mc":[{"id":"1.150317117","rc":[{"ltp":6.2,"id":2923342},{"ltp":1.2,"id":6324464}]}]}
{"op":"mcm","clk":"7847004088","pt":1540734358963,"mc":[{"id":"1.150317117","rc":[{"ltp":8.2,"id":2923342},{"ltp":1.13,"id":6324464}]}]}
{"op":"mcm","clk":"7847017741","pt":1540734417880,"mc":[{"id":"1.150317117","rc":[{"ltp":8.0,"id":2923342},{"ltp":1.14,"id":6324464}]}]}
{"op":"mcm","clk":"7847042657","pt":1540734479050,"mc":[{"id":"1.150317117","rc":[{"ltp":7.4,"id":2923342},{"ltp":1.17,"id":6324464}]}]}
{"op":"mcm","clk":"7847055230","pt":1540734538932,"mc":[{"id":"1.150317117","rc":[{"ltp":5.5,"id":2923342},{"ltp":1.21,"id":6324464}]}]}
{"op":"mcm","clk":"7847068381","pt":1540734598412,"mc":[{"id":"1.150317117","rc":[{"ltp":5.0,"id":2923342},{"ltp":1.24,"id":6324464}]}]}
{"op":"mcm","clk":"7847081232","pt":1540734658975,"mc":[{"id":"1.150317117","rc":[{"ltp":4.0,"id":2923342},{"ltp":1.33,"id":6324464}]}]}
{"op":"mcm","clk":"7847093845","pt":1540734718997,"mc":[{"id":"1.150317117","rc":[{"ltp":2.88,"id":2923342},{"ltp":1.52,"id":6324464}]}]}
{"op":"mcm","clk":"7847106575","pt":1540734778946,"mc":[{"id":"1.150317117","rc":[{"ltp":2.78,"id":2923342},{"ltp":1.59,"id":6324464}]}]}
{"op":"mcm","clk":"7847119011","pt":1540734838718,"mc":[{"id":"1.150317117","rc":[{"ltp":2.76,"id":2923342},{"ltp":1.57,"id":6324464}]}]}
{"op":"mcm","clk":"7847131245","pt":1540734897311,"mc":[{"id":"1.150317117","rc":[{"ltp":2.72,"id":2923342},{"ltp":1.58,"id":6324464}]}]}
{"op":"mcm","clk":"7847143977","pt":1540734958963,"mc":[{"id":"1.150317117","rc":[{"ltp":3.3,"id":2923342},{"ltp":1.44,"id":6324464}]}]}
{"op":"mcm","clk":"7847155731","pt":1540735018955,"mc":[{"id":"1.150317117","rc":[{"ltp":4.4,"id":2923342},{"ltp":1.29,"id":6324464}]}]}
{"op":"mcm","clk":"7847168230","pt":1540735078704,"mc":[{"id":"1.150317117","rc":[{"ltp":6.0,"id":2923342},{"ltp":1.21,"id":6324464}]}]}
{"op":"mcm","clk":"7847181591","pt":1540735139004,"mc":[{"id":"1.150317117","rc":[{"ltp":5.7,"id":2923342},{"ltp":1.27,"id":6324464}]}]}
{"op":"mcm","clk":"7847194385","pt":1540735199043,"mc":[{"id":"1.150317117","rc":[{"ltp":5.8,"id":2923342},{"ltp":1.21,"id":6324464}]}]}
{"op":"mcm","clk":"7847208229","pt":1540735259075,"mc":[{"id":"1.150317117","rc":[{"ltp":4.4,"id":2923342},{"ltp":1.29,"id":6324464}]}]}
{"op":"mcm","clk":"7847223075","pt":1540735319012,"mc":[{"id":"1.150317117","rc":[{"ltp":6.0,"id":2923342},{"ltp":1.21,"id":6324464}]}]}
{"op":"mcm","clk":"7847249419","pt":1540735378990,"mc":[{"id":"1.150317117","rc":[{"ltp":8.6,"id":2923342},{"ltp":1.13,"id":6324464}]}]}
{"op":"mcm","clk":"7847264905","pt":1540735438894,"mc":[{"id":"1.150317117","rc":[{"ltp":14.5,"id":2923342},{"ltp":1.07,"id":6324464}]}]}
{"op":"mcm","clk":"7847280755","pt":1540735499087,"mc":[{"id":"1.150317117","rc":[{"ltp":15.0,"id":2923342}]}]}
{"op":"mcm","clk":"7847297472","pt":1540735558996,"mc":[{"id":"1.150317117","rc":[{"ltp":34.0,"id":2923342},{"ltp":1.02,"id":6324464}]}]}
{"op":"mcm","clk":"7847313654","pt":1540735619054,"mc":[{"id":"1.150317117","rc":[{"ltp":19.0,"id":2923342},{"ltp":1.06,"id":6324464}]}]}
{"op":"mcm","clk":"7847329817","pt":1540735677102,"mc":[{"id":"1.150317117","marketDefinition":{"bspMarket":false,"turnInPlayEnabled":true,"persistenceEnabled":true,"marketBaseRate":5.0,"eventId":"28979661","eventTypeId":"2","numberOfWinners":1,"bettingType":"ODDS","marketType":"MATCH_ODDS","marketTime":"2018-10-28T11:19:00.000Z","suspendTime":"2018-10-28T11:19:00.000Z","bspReconciled":false,"complete":true,"inPlay":true,"crossMatching":true,"runnersVoidable":false,"numberOfActiveRunners":2,"betDelay":5,"status":"SUSPENDED","runners":[{"status":"ACTIVE","sortPriority":1,"id":2923342,"name":"Sloane Stephens"},{"status":"ACTIVE","sortPriority":2,"id":6324464,"name":"Elina Svitolina"}],"regulators":["MR_INT"],"countryCode":"SG","discountAllowed":true,"timezone":"UTC","openDate":"2018-10-28T11:19:00.000Z","version":2482316511,"name":"Match Odds","eventName":"Stephens v Svitolina"},"rc":[{"ltp":30.0,"id":2923342},{"ltp":1.03,"id":6324464}]}]}
{"op":"mcm","clk":"7847345528","pt":1540735733965,"mc":[{"id":"1.150317117","marketDefinition":{"bspMarket":false,"turnInPlayEnabled":true,"persistenceEnabled":true,"marketBaseRate":5.0,"eventId":"28979661","eventTypeId":"2","numberOfWinners":1,"bettingType":"ODDS","marketType":"MATCH_ODDS","marketTime":"2018-10-28T11:19:00.000Z","suspendTime":"2018-10-28T11:19:00.000Z","bspReconciled":false,"complete":true,"inPlay":true,"crossMatching":false,"runnersVoidable":false,"numberOfActiveRunners":0,"betDelay":5,"status":"CLOSED","settledTime":"2018-10-28T14:08:02.000Z","runners":[{"status":"LOSER","sortPriority":1,"id":2923342,"name":"Sloane Stephens"},{"status":"WINNER","sortPriority":2,"id":6324464,"name":"Elina Svitolina"}],"regulators":["MR_INT"],"countryCode":"SG","discountAllowed":true,"timezone":"UTC","openDate":"2018-10-28T11:19:00.000Z","version":2482319113,"name":"Match Odds","eventName":"Stephens v Svitolina"}}]}
