{"op":"mcm","clk":"7853562941","pt":1540790672399,"mc":[{"id":"1.150392190","marketDefinition":{"bspMarket":false,"turnInPlayEnabled":true,"persistenceEnabled":true,"marketBaseRate":5.0,"eventId":"28982502","eventTypeId":"2","numberOfWinners":1,"bettingType":"ODDS","marketType":"MATCH_ODDS","marketTime":"2018-10-30T11:30:00.000Z","suspendTime":"2018-10-30T11:30:00.000Z","bspReconciled":false,"complete":true,"inPlay":false,"crossMatching":true,"runnersVoidable":false,"numberOfActiveRunners":2,"betDelay":0,"status":"OPEN","runners":[{"status":"ACTIVE","sortPriority":1,"id":7795290,"name":"Daria Kasatkina"},{"status":"ACTIVE","sortPriority":2,"id":6145777,"name":"Qiang Wang"}],"regulators":["MR_INT"],"countryCode":"CN","discountAllowed":true,"timezone":"UTC","openDate":"2018-10-30T11:30:00.000Z","version":2484327003,"name":"Match Odds","eventName":"Kasatkina v Q Wang"}}]}
{"op":"mcm","clk":"7854739976","pt":1540810957948,"mc":[{"id":"1.150392190","rc":[{"ltp":2.18,"id":7795290},{"ltp":1.84,"id":6145777}]}]}
{"op":"mcm","clk":"7855673452","pt":1540818634262,"mc":[{"id":"1.150392190","rc":[{"ltp":2.06,"id":7795290}]}]}
{"op":"mcm","clk":"7857603060","pt":1540835726208,"mc":[{"id":"1.150392190","rc":[{"ltp":1.9,"id":6145777}]}]}
{"op":"mcm","clk":"7859165275","pt":1540849843882,"mc":[{"id":"1.150392190","rc":[{"ltp":1.86,"id":6145777}]}]}
{"op":"mcm","clk":"7859172385","pt":1540850016834,"mc":[{"id":"1.150392190","rc":[{"ltp":2.16,"id":7795290}]}]}
{"op":"mcm","clk":"7859624019","pt":1540857657855,"mc":[{"id":"1.150392190","rc":[{"ltp":2.08,"id":7795290},{"ltp":1.9,"id":6145777}]}]}
{"op":"mcm","clk":"7859840480","pt":1540860875573,"mc":[{"id":"1.150392190","rc":[{"ltp":2.06,"id":7795290}]}]}
{"op":"mcm","clk":"7860029074","pt":1540864182907,"mc":[{"id":"1.150392190","rc":[{"ltp":2.08,"id":7795290},{"ltp":1.92,"id":6145777}]}]}
{"op":"mcm","clk":"7860060826","pt":1540864916647,"mc":[{"id":"1.150392190","rc":[{"ltp":2.18,"id":7795290},{"ltp":1.84,"id":6145777}]}]}
{"op":"mcm","clk":"7860222148","pt":1540867242212,"mc":[{"id":"1.150392190","rc":[{"ltp":2.2,"id":7795290},{"ltp":1.83,"id":6145777}]}]}
{"op":"mcm","clk":"7860454837","pt":1540871276814,"mc":[{"id":"1.150392190","rc":[{"ltp":2.12,"id":7795290}]}]}
{"op":"mcm","clk":"7860619696","pt":1540874326549,"mc":[{"id":"1.150392190","rc":[{"ltp":2.1,"id":7795290}]}]}
{"op":"mcm","clk":"7860638170","pt":1540874694598,"mc":[{"id":"1.150392190","rc":[{"ltp":2.18,"id":7795290},{"ltp":1.84,"id":6145777}]}]}
{"op":"mcm","clk":"7860880560","pt":1540878857317,"mc":[{"id":"1.150392190","rc":[{"ltp":1.89,"id":6145777}]}]}
{"op":"mcm","clk":"7860910461","pt":1540879358764,"mc":[{"id":"1.150392190","rc":[{"ltp":1.84,"id":6145777}]}]}
{"op":"mcm","clk":"7860919334","pt":1540879549943,"mc":[{"id":"1.150392190","rc":[{"ltp":2.2,"id":7795290},{"ltp":1.83,"id":6145777}]}]}
{"op":"mcm","clk":"7860999698","pt":1540880927097,"mc":[{"id":"1.150392190","rc":[{"ltp":2.16,"id":7795290},{"ltp":1.87,"id":6145777}]}]}
{"op":"mcm","clk":"7861145080","pt":1540883215606,"mc":[{"id":"1.150392190","rc":[{"ltp":2.14,"id":7795290}]}]}
{"op":"mcm","clk":"7861181662","pt":1540883878106,"mc":[{"id":"1.150392190","rc":[{"ltp":1.84,"id":6145777}]}]}
{"op":"mcm","clk":"7861209088","pt":1540884465143,"mc":[{"id":"1.150392190","rc":[{"ltp":2.2,"id":7795290},{"ltp":1.83,"id":6145777}]}]}
{"op":"mcm","clk":"7861211432","pt":1540884510327,"mc":[{"id":"1.150392190","rc":[{"ltp":2.18,"id":7795290},{"ltp":1.84,"id":6145777}]}]}
{"op":"mcm","clk":"7861360438","pt":1540886856807,"mc":[{"id":"1.150392190","rc":[{"ltp":1.87,"id":6145777}]}]}
{"op":"mcm","clk":"7861383412","pt":1540887289528,"mc":[{"id":"1.150392190","rc":[{"ltp":1.82,"id":6145777}]}]}
{"op":"mcm","clk":"7861390455","pt":1540887408943,"mc":[{"id":"1.150392190","rc":[{"ltp":1.83,"id":6145777}]}]}
{"op":"mcm","clk":"7861413412","pt":1540887596061,"mc":[{"id":"1.150392190","rc":[{"ltp":2.22,"id":7795290},{"ltp":1.81,"id":6145777}]}]}
{"op":"mcm","clk":"7861424039","pt":1540887774082,"mc":[{"id":"1.150392190","rc":[{"ltp":1.84,"id":6145777}]}]}
{"op":"mcm","clk":"7861445782","pt":1540888108394,"mc":[{"id":"1.150392190","rc":[{"ltp":1.8,"id":6145777}]}]}
{"op":"mcm","clk":"7861515856","pt":1540889024925,"mc":[{"id":"1.150392190","rc":[{"ltp":2.18,"id":7795290}]}]}
{"op":"mcm","clk":"7861560954","pt":1540889498281,"mc":[{"id":"1.150392190","rc":[{"ltp":2.26,"id":7795290}]}]}
{"op":"mcm","clk":"7861586318","pt":1540889925650,"mc":[{"id":"1.150392190","rc":[{"ltp":2.2,"id":7795290},{"ltp":1.84,"id":6145777}]}]}
{"op":"mcm","clk":"7861592243","pt":1540890029051,"mc":[{"id":"1.150392190","rc":[{"ltp":2.16,"id":7795290}]}]}
{"op":"mcm","clk":"7861650455","pt":1540890776833,"mc":[{"id":"1.150392190","rc":[{"ltp":2.24,"id":7795290},{"ltp":1.78,"id":6145777}]}]}
{"op":"mcm","clk":"7861681149","pt":1540891075979,"mc":[{"id":"1.150392190","rc":[{"ltp":1.8,"id":6145777}]}]}
{"op":"mcm","clk":"7861686070","pt":1540891152851,"mc":[{"id":"1.150392190","rc":[{"ltp":1.79,"id":6145777}]}]}
{"op":"mcm","clk":"7861781074","pt":1540892274075,"mc":[{"id":"1.150392190","rc":[{"ltp":2.28,"id":7795290},{"ltp":1.78,"id":6145777}]}]}
{"op":"mcm","clk":"7861791559","pt":1540892456612,"mc":[{"id":"1.150392190","rc":[{"ltp":1.76,"id":6145777}]}]}
{"op":"mcm","clk":"7861810297","pt":1540892738133,"mc":[{"id":"1.150392190","rc":[{"ltp":1.79,"id":6145777}]}]}
{"op":"mcm","clk":"7861831748","pt":1540892869951,"mc":[{"id":"1.150392190","rc":[{"ltp":2.26,"id":7795290}]}]}
{"op":"mcm","clk":"7861840681","pt":1540892994315,"mc":[{"id":"1.150392190","rc":[{"ltp":1.78,"id":6145777}]}]}
{"op":"mcm","clk":"7861848090","pt":1540893058309,"mc":[{"id":"1.150392190","rc":[{"ltp":1.79,"id":6145777}]}]}
{"op":"mcm","clk":"7861853550","pt":1540893118733,"mc":[{"id":"1.150392190","rc":[{"ltp":1.78,"id":6145777}]}]}
{"op":"mcm","clk":"7861857959","pt":1540893167764,"mc":[{"id":"1.150392190","rc":[{"ltp":1.71,"id":6145777}]}]}
{"op":"mcm","clk":"7861864508","pt":1540893238411,"mc":[{"id":"1.150392190","rc":[{"ltp":2.34,"id":7795290},{"ltp":1.72,"id":6145777}]}]}
{"op":"mcm","clk":"7861878254","pt":1540893418708,"mc":[{"id":"1.150392190","rc":[{"ltp":2.3,"id":7795290},{"ltp":1.75,"id":6145777}]}]}
{"op":"mcm","clk":"7861883381","pt":1540893477798,"mc":[{"id":"1.150392190","rc":[{"ltp":2.28,"id":7795290},{"ltp":1.74,"id":6145777}]}]}
{"op":"mcm","clk":"7861936042","pt":1540893958857,"mc":[{"id":"1.150392190","rc":[{"ltp":2.34,"id":7795290}]}]}
{"op":"mcm","clk":"7861940694","pt":1540894012018,"mc":[{"id":"1.150392190","rc":[{"ltp":2.38,"id":7795290},{"ltp":1.72,"id":6145777}]}]}
{"op":"mcm","clk":"7861949775","pt":1540894127234,"mc":[{"id":"1.150392190","rc":[{"ltp":2.34,"id":7795290},{"ltp":1.73,"id":6145777}]}]}
{"op":"mcm","clk":"7861955266","pt":1540894194869,"mc":[{"id":"1.150392190","rc":[{"ltp":2.32,"id":7795290},{"ltp":1.75,"id":6145777}]}]}
{"op":"mcm","clk":"7861960717","pt":1540894236169,"mc":[{"id":"1.150392190","rc":[{"ltp":2.36,"id":7795290},{"ltp":1.74,"id":6145777}]}]}
{"op":"mcm","clk":"7861967171","pt":1540894317121,"mc":[{"id":"1.150392190","rc":[{"ltp":1.75,"id":6145777}]}]}
{"op":"mcm","clk":"7861971530","pt":1540894368556,"mc":[{"id":"1.150392190","rc":[{"ltp":2.3,"id":7795290},{"ltp":1.74,"id":6145777}]}]}
{"op":"mcm","clk":"7861982724","pt":1540894498899,"mc":[{"id":"1.150392190","rc":[{"ltp":1.75,"id":6145777}]}]}
{"op":"mcm","clk":"7861988172","pt":1540894556620,"mc":[{"id":"1.150392190","rc":[{"ltp":2.32,"id":7795290}]}]}
{"op":"mcm","clk":"7861994152","pt":1540894618762,"mc":[{"id":"1.150392190","rc":[{"ltp":1.74,"id":6145777}]}]}
{"op":"mcm","clk":"7862008349","pt":1540894639481,"mc":[{"id":"1.150392190","rc":[{"ltp":1.75,"id":6145777}]}]}
{"op":"mcm","clk":"7862022085","pt":1540894791220,"mc":[{"id":"1.150392190","rc":[{"ltp":2.34,"id":7795290}]}]}
{"op":"mcm","clk":"7862062358","pt":1540895217224,"mc":[{"id":"1.150392190","rc":[{"ltp":2.32,"id":7795290}]}]}
{"op":"mcm","clk":"7862071566","pt":1540895320876,"mc":[{"id":"1.150392190","rc":[{"ltp":1.76,"id":6145777}]}]}
{"op":"mcm","clk":"7862083166","pt":1540895458125,"mc":[{"id":"1.150392190","rc":[{"ltp":1.75,"id":6145777}]}]}
{"op":"mcm","clk":"7862087568","pt":1540895511974,"mc":[{"id":"1.150392190","rc":[{"ltp":2.34,"id":7795290}]}]}
{"op":"mcm","clk":"7862114644","pt":1540895696164,"mc":[{"id":"1.150392190","rc":[{"ltp":1.73,"id":6145777}]}]}
{"op":"mcm","clk":"7862119328","pt":1540895757985,"mc":[{"id":"1.150392190","rc":[{"ltp":2.32,"id":7795290},{"ltp":1.75,"id":6145777}]}]}
{"op":"mcm","clk":"7862136258","pt":1540895989343,"mc":[{"id":"1.150392190","rc":[{"ltp":2.36,"id":7795290}]}]}
{"op":"mcm","clk":"7862147852","pt":1540896118566,"mc":[{"id":"1.150392190","rc":[{"ltp":1.73,"id":6145777}]}]}
{"op":"mcm","clk":"7862157860","pt":1540896234767,"mc":[{"id":"1.150392190","rc":[{"ltp":2.32,"id":7795290}]}]}
{"op":"mcm","clk":"7862230934","pt":1540896950326,"mc":[{"id":"1.150392190","rc":[{"ltp":2.36,"id":7795290}]}]}
{"op":"mcm","clk":"7862235747","pt":1540897018087,"mc":[{"id":"1.150392190","rc":[{"ltp":2.32,"id":7795290},{"ltp":1.74,"id":6145777}]}]}
{"op":"mcm","clk":"7862256507","pt":1540897256894,"mc":[{"id":"1.150392190","rc":[{"ltp":2.34,"id":7795290}]}]}
{"op":"mcm","clk":"7862262319","pt":1540897318103,"mc":[{"id":"1.150392190","rc":[{"ltp":1.72,"id":6145777}]}]}
{"op":"mcm","clk":"7862280810","pt":1540897378601,"mc":[{"id":"1.150392190","rc":[{"ltp":2.38,"id":7795290},{"ltp":1.73,"id":6145777}]}]}
{"op":"mcm","clk":"7862286289","pt":1540897437865,"mc":[{"id":"1.150392190","rc":[{"ltp":1.71,"id":6145777}]}]}
{"op":"mcm","clk":"7862306946","pt":1540897677805,"mc":[{"id":"1.150392190","rc":[{"ltp":2.4,"id":7795290},{"ltp":1.7,"id":6145777}]}]}
{"op":"mcm","clk":"7862312199","pt":1540897738504,"mc":[{"id":"1.150392190","rc":[{"ltp":1.69,"id":6145777}]}]}
{"op":"mcm","clk":"7862332643","pt":1540897978924,"mc":[{"id":"1.150392190","rc":[{"ltp":2.44,"id":7795290}]}]}
{"op":"mcm","clk":"7862343839","pt":1540898090926,"mc":[{"id":"1.150392190","rc":[{"ltp":1.68,"id":6145777}]}]}
{"op":"mcm","clk":"7862347772","pt":1540898125600,"mc":[{"id":"1.150392190","rc":[{"ltp":1.69,"id":6145777}]}]}
{"op":"mcm","clk":"7862374466","pt":1540898276002,"mc":[{"id":"1.150392190","rc":[{"ltp":2.5,"id":7795290},{"ltp":1.67,"id":6145777}]}]}
{"op":"mcm","clk":"7862379890","pt":1540898332523,"mc":[{"id":"1.150392190","rc":[{"ltp":2.48,"id":7795290},{"ltp":1.66,"id":6145777}]}]}
{"op":"mcm","clk":"7862385341","pt":1540898397513,"mc":[{"id":"1.150392190","rc":[{"ltp":2.52,"id":7795290},{"ltp":1.65,"id":6145777}]}]}
{"op":"mcm","clk":"7862390754","pt":1540898456038,"mc":[{"id":"1.150392190","rc":[{"ltp":2.5,"id":7795290}]}]}
{"op":"mcm","clk":"7862396073","pt":1540898517281,"mc":[{"id":"1.150392190","rc":[{"ltp":1.66,"id":6145777}]}]}
{"op":"mcm","clk":"7862405136","pt":1540898619741,"mc":[{"id":"1.150392190","rc":[{"ltp":1.65,"id":6145777}]}]}
{"op":"mcm","clk":"7862411756","pt":1540898695530,"mc":[{"id":"1.150392190","rc":[{"ltp":2.52,"id":7795290},{"ltp":1.64,"id":6145777}]}]}
{"op":"mcm","clk":"7862417122","pt":1540898743722,"mc":[{"id":"1.150392190","rc":[{"ltp":2.54,"id":7795290},{"ltp":1.65,"id":6145777}]}]}
{"op":"mcm","clk":"7862423260","pt":1540898806447,"mc":[{"id":"1.150392190","rc":[{"ltp":2.52,"id":7795290}]}]}
{"op":"mcm","clk":"7862429218","pt":1540898878303,"mc":[{"id":"1.150392190","rc":[{"ltp":2.58,"id":7795290},{"ltp":1.64,"id":6145777}]}]}
{"op":"mcm","clk":"7862435111","pt":1540898937503,"mc":[{"id":"1.150392190","marketDefinition":{"bspMarket":false,"turnInPlayEnabled":true,"persistenceEnabled":true,"marketBaseRate":5.0,"eventId":"28982502","eventTypeId":"2","numberOfWinners":1,"bettingType":"ODDS","marketType":"MATCH_ODDS","marketTime":"2018-10-30T11:23:00.000Z","suspendTime":"2018-10-30T11:23:00.000Z","bspReconciled":false,"complete":true,"inPlay":false,"crossMatching":true,"runnersVoidable":false,"numberOfActiveRunners":2,"betDelay":0,"status":"OPEN","runners":[{"status":"ACTIVE","sortPriority":1,"id":7795290,"name":"Daria Kasatkina"},{"status":"ACTIVE","sortPriority":2,"id":6145777,"name":"Qiang Wang"}],"regulators":["MR_INT"],"countryCode":"CN","discountAllowed":true,"timezone":"UTC","openDate":"2018-10-30T11:23:00.000Z","version":2485642974,"name":"Match Odds","eventName":"Kasatkina v Q Wang"},"rc":[{"ltp":2.56,"id":7795290}]}]}
{"op":"mcm","clk":"7862440973","pt":1540898994006,"mc":[{"id":"1.150392190","rc":[{"ltp":2.54,"id":7795290}]}]}
{"op":"mcm","clk":"7862447124","pt":1540899054409,"mc":[{"id":"1.150392190","rc":[{"ltp":2.58,"id":7795290}]}]}
{"op":"mcm","clk":"7862452164","pt":1540899110482,"mc":[{"id":"1.150392190","rc":[{"ltp":2.52,"id":7795290}]}]}
{"op":"mcm","clk":"7862471232","pt":1540899175166,"mc":[{"id":"1.150392190","rc":[{"ltp":2.58,"id":7795290},{"ltp":1.63,"id":6145777}]}]}
{"op":"mcm","clk":"7862477618","pt":1540899238904,"mc":[{"id":"1.150392190","rc":[{"ltp":2.56,"id":7795290},{"ltp":1.64,"id":6145777}]}]}
{"op":"mcm","clk":"7862482947","pt":1540899298538,"mc":[{"id":"1.150392190","rc":[{"ltp":2.58,"id":7795290},{"ltp":1.63,"id":6145777}]}]}
{"op":"mcm","clk":"7862489015","pt":1540899357239,"mc":[{"id":"1.150392190","rc":[{"ltp":1.61,"id":6145777}]}]}
{"op":"mcm","clk":"7862494920","pt":1540899418919,"mc":[{"id":"1.150392190","rc":[{"ltp":1.63,"id":6145777}]}]}
{"op":"mcm","clk":"7862514125","pt":1540899598875,"mc":[{"id":"1.150392190","marketDefinition":{"bspMarket":false,"turnInPlayEnabled":true,"persistenceEnabled":true,"marketBaseRate":5.0,"eventId":"28982502","eventTypeId":"2","numberOfWinners":1,"bettingType":"ODDS","marketType":"MATCH_ODDS","marketTime":"2018-10-30T11:23:00.000Z","suspendTime":"2018-10-30T11:23:00.000Z","bspReconciled":false,"complete":true,"inPlay":true,"crossMatching":true,"runnersVoidable":false,"numberOfActiveRunners":2,"betDelay":5,"status":"OPEN","runners":[{"status":"ACTIVE","sortPriority":1,"id":7795290,"name":"Daria Kasatkina"},{"status":"ACTIVE","sortPriority":2,"id":6145777,"name":"Qiang Wang"}],"regulators":["MR_INT"],"countryCode":"CN","discountAllowed":true,"timezone":"UTC","openDate":"2018-10-30T11:23:00.000Z","version":2485705717,"name":"Match Odds","eventName":"Kasatkina v Q Wang"},"rc":[{"ltp":1.54,"id":6145777}]}]}
{"op":"mcm","clk":"7862520424","pt":1540899658765,"mc":[{"id":"1.150392190","rc":[{"ltp":2.88,"id":7795290},{"ltp":1.49,"id":6145777}]}]}
{"op":"mcm","clk":"7862526013","pt":1540899718852,"mc":[{"id":"1.150392190","rc":[{"ltp":2.44,"id":7795290},{"ltp":1.68,"id":6145777}]}]}
{"op":"mcm","clk":"7862531589","pt":1540899778605,"mc":[{"id":"1.150392190","rc":[{"ltp":2.4,"id":7795290},{"ltp":1.71,"id":6145777}]}]}
{"op":"mcm","clk":"7862537425","pt":1540899837820,"mc":[{"id":"1.150392190","rc":[{"ltp":2.62,"id":7795290},{"ltp":1.62,"id":6145777}]}]}
{"op":"mcm","clk":"7862543479","pt":1540899898874,"mc":[{"id":"1.150392190","rc":[{"ltp":2.6,"id":7795290},{"ltp":1.61,"id":6145777}]}]}
{"op":"mcm","clk":"7862549766","pt":1540899958768,"mc":[{"id":"1.150392190","rc":[{"ltp":2.66,"id":7795290},{"ltp":1.59,"id":6145777}]}]}
{"op":"mcm","clk":"7862555421","pt":1540900018853,"mc":[{"id":"1.150392190","rc":[{"ltp":2.78,"id":7795290},{"ltp":1.56,"id":6145777}]}]}
{"op":"mcm","clk":"7862573345","pt":1540900078472,"mc":[{"id":"1.150392190","rc":[{"ltp":2.72,"id":7795290},{"ltp":1.55,"id":6145777}]}]}
{"op":"mcm","clk":"7862578832","pt":1540900138926,"mc":[{"id":"1.150392190","rc":[{"ltp":3.2,"id":7795290},{"ltp":1.43,"id":6145777}]}]}
{"op":"mcm","clk":"7862583505","pt":1540900198854,"mc":[{"id":"1.150392190","rc":[{"ltp":3.25,"id":7795290},{"ltp":1.44,"id":6145777}]}]}
{"op":"mcm","clk":"7862588164","pt":1540900258791,"mc":[{"id":"1.150392190","rc":[{"ltp":2.6,"id":7795290},{"ltp":1.66,"id":6145777}]}]}
{"op":"mcm","clk":"7862592941","pt":1540900318924,"mc":[{"id":"1.150392190","rc":[{"ltp":2.32,"id":7795290},{"ltp":1.73,"id":6145777}]}]}
{"op":"mcm","clk":"7862598054","pt":1540900378845,"mc":[{"id":"1.150392190","rc":[{"ltp":2.42,"id":7795290},{"ltp":1.7,"id":6145777}]}]}
{"op":"mcm","clk":"7862603431","pt":1540900438902,"mc":[{"id":"1.150392190","rc":[{"ltp":2.2,"id":7795290},{"ltp":1.84,"id":6145777}]}]}
{"op":"mcm","clk":"7862608755","pt":1540900498878,"mc":[{"id":"1.150392190","rc":[{"ltp":1.91,"id":7795290},{"ltp":2.1,"id":6145777}]}]}
{"op":"mcm","clk":"7862614573","pt":1540900558909,"mc":[{"id":"1.150392190","rc":[{"ltp":1.85,"id":7795290},{"ltp":2.18,"id":6145777}]}]}
{"op":"mcm","clk":"7862619015","pt":1540900618934,"mc":[{"id":"1.150392190","rc":[{"ltp":1.73,"id":7795290},{"ltp":2.36,"id":6145777}]}]}
{"op":"mcm","clk":"7862623305","pt":1540900678907,"mc":[{"id":"1.150392190","rc":[{"ltp":1.6,"id":7795290},{"ltp":2.62,"id":6145777}]}]}
{"op":"mcm","clk":"7862628286","pt":1540900738757,"mc":[{"id":"1.150392190","rc":[{"ltp":1.61,"id":7795290},{"ltp":2.64,"id":6145777}]}]}
{"op":"mcm","clk":"7862632881","pt":1540900798435,"mc":[{"id":"1.150392190","rc":[{"ltp":2.66,"id":6145777}]}]}
{"op":"mcm","clk":"7862637841","pt":1540900858700,"mc":[{"id":"1.150392190","rc":[{"ltp":1.46,"id":7795290},{"ltp":3.25,"id":6145777}]}]}
{"op":"mcm","clk":"7862643121","pt":1540900918910,"mc":[{"id":"1.150392190","rc":[{"ltp":1.39,"id":7795290},{"ltp":3.6,"id":6145777}]}]}
{"op":"mcm","clk":"7862661200","pt":1540900978903,"mc":[{"id":"1.150392190","rc":[{"ltp":1.4,"id":7795290}]}]}
{"op":"mcm","clk":"7862666303","pt":1540901038926,"mc":[{"id":"1.150392190","rc":[{"ltp":1.36,"id":7795290},{"ltp":3.8,"id":6145777}]}]}
{"op":"mcm","clk":"7862671262","pt":1540901098884,"mc":[{"id":"1.150392190","rc":[{"ltp":3.85,"id":6145777}]}]}
{"op":"mcm","clk":"7862676539","pt":1540901158847,"mc":[{"id":"1.150392190","rc":[{"ltp":1.34,"id":7795290},{"ltp":3.9,"id":6145777}]}]}
{"op":"mcm","clk":"7862681492","pt":1540901218942,"mc":[{"id":"1.150392190","rc":[{"ltp":4.1,"id":6145777}]}]}
{"op":"mcm","clk":"7862687190","pt":1540901278896,"mc":[{"id":"1.150392190","rc":[{"ltp":1.22,"id":7795290},{"ltp":4.5,"id":6145777}]}]}
{"op":"mcm","clk":"7862692680","pt":1540901338922,"mc":[{"id":"1.150392190","rc":[{"ltp":1.31,"id":7795290},{"ltp":4.2,"id":6145777}]}]}
{"op":"mcm","clk":"7862697992","pt":1540901398730,"mc":[{"id":"1.150392190","rc":[{"ltp":1.32,"id":7795290},{"ltp":4.1,"id":6145777}]}]}
{"op":"mcm","clk":"7862703028","pt":1540901458501,"mc":[{"id":"1.150392190","rc":[{"ltp":1.26,"id":7795290},{"ltp":5.0,"id":6145777}]}]}
{"op":"mcm","clk":"7862707673","pt":1540901518741,"mc":[{"id":"1.150392190","rc":[{"ltp":1.18,"id":7795290},{"ltp":6.2,"id":6145777}]}]}
{"op":"mcm","clk":"7862711968","pt":1540901578860,"mc":[{"id":"1.150392190","rc":[{"ltp":1.2,"id":7795290},{"ltp":5.3,"id":6145777}]}]}
{"op":"mcm","clk":"7862716736","pt":1540901638732,"mc":[{"id":"1.150392190","rc":[{"ltp":1.26,"id":7795290},{"ltp":4.9,"id":6145777}]}]}
{"op":"mcm","clk":"7862721350","pt":1540901698905,"mc":[{"id":"1.150392190","rc":[{"ltp":1.4,"id":7795290},{"ltp":3.5,"id":6145777}]}]}
{"op":"mcm","clk":"7862726093","pt":1540901758851,"mc":[{"id":"1.150392190","rc":[{"ltp":1.41,"id":7795290},{"ltp":3.55,"id":6145777}]}]}
{"op":"mcm","clk":"7862730865","pt":1540901818745,"mc":[{"id":"1.150392190","rc":[{"ltp":1.53,"id":7795290},{"ltp":2.84,"id":6145777}]}]}
{"op":"mcm","clk":"7862747776","pt":1540901878691,"mc":[{"id":"1.150392190","rc":[{"ltp":1.58,"id":7795290},{"ltp":2.76,"id":6145777}]}]}
{"op":"mcm","clk":"7862751708","pt":1540901938159,"mc":[{"id":"1.150392190","rc":[{"ltp":1.56,"id":7795290},{"ltp":2.74,"id":6145777}]}]}
{"op":"mcm","clk":"7862755749","pt":1540901998891,"mc":[{"id":"1.150392190","rc":[{"ltp":1.78,"id":7795290},{"ltp":2.26,"id":6145777}]}]}
{"op":"mcm","clk":"7862759961","pt":1540902058827,"mc":[{"id":"1.150392190","rc":[{"ltp":1.9,"id":7795290},{"ltp":2.1,"id":6145777}]}]}
{"op":"mcm","clk":"7862764060","pt":1540902118863,"mc":[{"id":"1.150392190","rc":[{"ltp":1.96,"id":7795290},{"ltp":2.0,"id":6145777}]}]}
{"op":"mcm","clk":"7862767832","pt":1540902178884,"mc":[{"id":"1.150392190","rc":[{"ltp":2.02,"id":6145777}]}]}
{"op":"mcm","clk":"7862771652","pt":1540902238741,"mc":[{"id":"1.150392190","rc":[{"ltp":2.06,"id":7795290},{"ltp":1.93,"id":6145777}]}]}
{"op":"mcm","clk":"7862780369","pt":1540902358928,"mc":[{"id":"1.150392190","rc":[{"ltp":1.8,"id":7795290},{"ltp":2.28,"id":6145777}]}]}
{"op":"mcm","clk":"7862784789","pt":1540902418944,"mc":[{"id":"1.150392190","rc":[{"ltp":1.63,"id":7795290},{"ltp":2.6,"id":6145777}]}]}
{"op":"mcm","clk":"7862789384","pt":1540902478705,"mc":[{"id":"1.150392190","rc":[{"ltp":1.62,"id":7795290}]}]}
{"op":"mcm","clk":"7862794120","pt":1540902538867,"mc":[{"id":"1.150392190","rc":[{"ltp":1.72,"id":7795290},{"ltp":2.46,"id":6145777}]}]}
{"op":"mcm","clk":"7862798991","pt":1540902598644,"mc":[{"id":"1.150392190","rc":[{"ltp":1.75,"id":7795290},{"ltp":2.4,"id":6145777}]}]}
{"op":"mcm","clk":"7862804426","pt":1540902658841,"mc":[{"id":"1.150392190","rc":[{"ltp":1.78,"id":7795290},{"ltp":2.3,"id":6145777}]}]}
{"op":"mcm","clk":"7862808705","pt":1540902718874,"mc":[{"id":"1.150392190","rc":[{"ltp":1.95,"id":7795290},{"ltp":2.04,"id":6145777}]}]}
{"op":"mcm","clk":"7862825739","pt":1540902778803,"mc":[{"id":"1.150392190","rc":[{"ltp":2.12,"id":7795290},{"ltp":1.88,"id":6145777}]}]}
{"op":"mcm","clk":"7862830111","pt":1540902838891,"mc":[{"id":"1.150392190","rc":[{"ltp":2.3,"id":7795290},{"ltp":1.76,"id":6145777}]}]}
{"op":"mcm","clk":"7862834261","pt":1540902898944,"mc":[{"id":"1.150392190","rc":[{"ltp":2.32,"id":7795290},{"ltp":1.75,"id":6145777}]}]}
{"op":"mcm","clk":"7862838467","pt":1540902958092,"mc":[{"id":"1.150392190","rc":[{"ltp":2.38,"id":7795290},{"ltp":1.73,"id":6145777}]}]}
{"op":"mcm","clk":"7862842866","pt":1540903018889,"mc":[{"id":"1.150392190","rc":[{"ltp":2.62,"id":7795290},{"ltp":1.61,"id":6145777}]}]}
{"op":"mcm","clk":"7862847231","pt":1540903078877,"mc":[{"id":"1.150392190","rc":[{"ltp":2.68,"id":7795290},{"ltp":1.62,"id":6145777}]}]}
{"op":"mcm","clk":"7862851807","pt":1540903138745,"mc":[{"id":"1.150392190","rc":[{"ltp":1.59,"id":6145777}]}]}
{"op":"mcm","clk":"7862856599","pt":1540903198790,"mc":[{"id":"1.150392190","rc":[{"ltp":2.62,"id":7795290},{"ltp":1.61,"id":6145777}]}]}
{"op":"mcm","clk":"7862861824","pt":1540903257396,"mc":[{"id":"1.150392190","rc":[{"ltp":2.72,"id":7795290},{"ltp":1.6,"id":6145777}]}]}
{"op":"mcm","clk":"7862867385","pt":1540903318266,"mc":[{"id":"1.150392190","rc":[{"ltp":2.8,"id":7795290},{"ltp":1.55,"id":6145777}]}]}
{"op":"mcm","clk":"7862872143","pt":1540903378931,"mc":[{"id":"1.150392190","rc":[{"ltp":2.28,"id":7795290},{"ltp":1.79,"id":6145777}]}]}
{"op":"mcm","clk":"7862877054","pt":1540903438881,"mc":[{"id":"1.150392190","rc":[{"ltp":2.16,"id":7795290},{"ltp":1.65,"id":6145777}]}]}
{"op":"mcm","clk":"7862881631","pt":1540903498893,"mc":[{"id":"1.150392190","rc":[{"ltp":2.44,"id":7795290},{"ltp":1.52,"id":6145777}]}]}
{"op":"mcm","clk":"7862886961","pt":1540903558897,"mc":[{"id":"1.150392190","rc":[{"ltp":3.35,"id":7795290},{"ltp":1.48,"id":6145777}]}]}
{"op":"mcm","clk":"7862891482","pt":1540903618867,"mc":[{"id":"1.150392190","rc":[{"ltp":3.5,"id":7795290},{"ltp":1.49,"id":6145777}]}]}
{"op":"mcm","clk":"7862908355","pt":1540903678905,"mc":[{"id":"1.150392190","rc":[{"ltp":2.66,"id":7795290},{"ltp":1.6,"id":6145777}]}]}
{"op":"mcm","clk":"7862912678","pt":1540903738853,"mc":[{"id":"1.150392190","rc":[{"ltp":2.5,"id":7795290},{"ltp":1.67,"id":6145777}]}]}
{"op":"mcm","clk":"7862916465","pt":1540903798485,"mc":[{"id":"1.150392190","rc":[{"ltp":2.22,"id":7795290},{"ltp":1.84,"id":6145777}]}]}
{"op":"mcm","clk":"7862920163","pt":1540903858942,"mc":[{"id":"1.150392190","rc":[{"ltp":2.14,"id":7795290},{"ltp":1.89,"id":6145777}]}]}
{"op":"mcm","clk":"7862923671","pt":1540903918894,"mc":[{"id":"1.150392190","rc":[{"ltp":2.0,"id":7795290},{"ltp":2.0,"id":6145777}]}]}
{"op":"mcm","clk":"7862927170","pt":1540903978941,"mc":[{"id":"1.150392190","rc":[{"ltp":1.69,"id":7795290},{"ltp":2.42,"id":6145777}]}]}
{"op":"mcm","clk":"7862931595","pt":1540904038484,"mc":[{"id":"1.150392190","rc":[{"ltp":1.72,"id":7795290},{"ltp":2.4,"id":6145777}]}]}
{"op":"mcm","clk":"7862935754","pt":1540904098800,"mc":[{"id":"1.150392190","rc":[{"ltp":1.89,"id":7795290},{"ltp":2.12,"id":6145777}]}]}
{"op":"mcm","clk":"7862940174","pt":1540904158844,"mc":[{"id":"1.150392190","rc":[{"ltp":1.94,"id":7795290},{"ltp":2.06,"id":6145777}]}]}
{"op":"mcm","clk":"7862944318","pt":1540904218627,"mc":[{"id":"1.150392190","rc":[{"ltp":2.22,"id":7795290},{"ltp":1.81,"id":6145777}]}]}
{"op":"mcm","clk":"7862948482","pt":1540904278741,"mc":[{"id":"1.150392190","rc":[{"ltp":2.48,"id":7795290},{"ltp":1.66,"id":6145777}]}]}
{"op":"mcm","clk":"7862952797","pt":1540904338639,"mc":[{"id":"1.150392190","rc":[{"ltp":2.46,"id":7795290},{"ltp":1.7,"id":6145777}]}]}
{"op":"mcm","clk":"7862956534","pt":1540904398930,"mc":[{"id":"1.150392190","rc":[{"ltp":2.22,"id":7795290},{"ltp":1.93,"id":6145777}]}]}
{"op":"mcm","clk":"7862960815","pt":1540904458844,"mc":[{"id":"1.150392190","rc":[{"ltp":2.34,"id":7795290},{"ltp":1.76,"id":6145777}]}]}
{"op":"mcm","clk":"7862965165","pt":1540904518597,"mc":[{"id":"1.150392190","rc":[{"ltp":2.38,"id":7795290},{"ltp":1.73,"id":6145777}]}]}
{"op":"mcm","clk":"7862982378","pt":1540904578731,"mc":[{"id":"1.150392190","rc":[{"ltp":1.94,"id":7795290},{"ltp":2.04,"id":6145777}]}]}
{"op":"mcm","clk":"7862986949","pt":1540904638778,"mc":[{"id":"1.150392190","rc":[{"ltp":1.65,"id":7795290},{"ltp":2.56,"id":6145777}]}]}
{"op":"mcm","clk":"7862991366","pt":1540904698852,"mc":[{"id":"1.150392190","rc":[{"ltp":1.67,"id":7795290},{"ltp":2.52,"id":6145777}]}]}
{"op":"mcm","clk":"7862996376","pt":1540904758557,"mc":[{"id":"1.150392190","rc":[{"ltp":1.66,"id":7795290},{"ltp":2.5,"id":6145777}]}]}
{"op":"mcm","clk":"7863001699","pt":1540904818891,"mc":[{"id":"1.150392190","rc":[{"ltp":1.68,"id":7795290},{"ltp":2.48,"id":6145777}]}]}
{"op":"mcm","clk":"7863007103","pt":1540904878741,"mc":[{"id":"1.150392190","rc":[{"ltp":2.38,"id":7795290},{"ltp":1.7,"id":6145777}]}]}
{"op":"mcm","clk":"7863011811","pt":1540904938607,"mc":[{"id":"1.150392190","rc":[{"ltp":2.74,"id":7795290},{"ltp":1.57,"id":6145777}]}]}
{"op":"mcm","clk":"7863016458","pt":1540904998935,"mc":[{"id":"1.150392190","rc":[{"ltp":2.3,"id":7795290},{"ltp":1.77,"id":6145777}]}]}
{"op":"mcm","clk":"7863021432","pt":1540905058310,"mc":[{"id":"1.150392190","rc":[{"ltp":2.28,"id":7795290},{"ltp":1.76,"id":6145777}]}]}
{"op":"mcm","clk":"7863026472","pt":1540905118893,"mc":[{"id":"1.150392190","rc":[{"ltp":2.78,"id":7795290},{"ltp":1.78,"id":6145777}]}]}
{"op":"mcm","clk":"7863031383","pt":1540905178770,"mc":[{"id":"1.150392190","rc":[{"ltp":2.0,"id":7795290},{"ltp":2.0,"id":6145777}]}]}
{"op":"mcm","clk":"7863036759","pt":1540905238713,"mc":[{"id":"1.150392190","rc":[{"ltp":1.53,"id":7795290},{"ltp":2.22,"id":6145777}]}]}
{"op":"mcm","clk":"7863041968","pt":1540905298613,"mc":[{"id":"1.150392190","rc":[{"ltp":1.56,"id":7795290},{"ltp":2.78,"id":6145777}]}]}
{"op":"mcm","clk":"7863046730","pt":1540905358624,"mc":[{"id":"1.150392190","rc":[{"ltp":1.59,"id":7795290},{"ltp":2.74,"id":6145777}]}]}
{"op":"mcm","clk":"7863051465","pt":1540905418799,"mc":[{"id":"1.150392190","rc":[{"ltp":2.02,"id":7795290},{"ltp":1.98,"id":6145777}]}]}
{"op":"mcm","clk":"7863068902","pt":1540905478924,"mc":[{"id":"1.150392190","rc":[{"ltp":1.95,"id":7795290},{"ltp":2.04,"id":6145777}]}]}
{"op":"mcm","clk":"7863074044","pt":1540905538805,"mc":[{"id":"1.150392190","rc":[{"ltp":2.44,"id":7795290},{"ltp":1.68,"id":6145777}]}]}
{"op":"mcm","clk":"7863079201","pt":1540905598574,"mc":[{"id":"1.150392190","rc":[{"ltp":2.06,"id":7795290},{"ltp":1.95,"id":6145777}]}]}
{"op":"mcm","clk":"7863084186","pt":1540905657886,"mc":[{"id":"1.150392190","rc":[{"ltp":1.96,"id":7795290},{"ltp":2.02,"id":6145777}]}]}
{"op":"mcm","clk":"7863088970","pt":1540905718934,"mc":[{"id":"1.150392190","rc":[{"ltp":1.8,"id":7795290},{"ltp":2.28,"id":6145777}]}]}
{"op":"mcm","clk":"7863094057","pt":1540905778770,"mc":[{"id":"1.150392190","rc":[{"ltp":1.41,"id":7795290},{"ltp":3.4,"id":6145777}]}]}
{"op":"mcm","clk":"7863098657","pt":1540905838435,"mc":[{"id":"1.150392190","rc":[{"ltp":1.4,"id":7795290},{"ltp":3.5,"id":6145777}]}]}
{"op":"mcm","clk":"7863104757","pt":1540905898857,"mc":[{"id":"1.150392190","rc":[{"ltp":1.64,"id":7795290},{"ltp":2.56,"id":6145777}]}]}
{"op":"mcm","clk":"7863110282","pt":1540905958912,"mc":[{"id":"1.150392190","rc":[{"ltp":2.26,"id":7795290},{"ltp":1.79,"id":6145777}]}]}
{"op":"mcm","clk":"7863115519","pt":1540906018531,"mc":[{"id":"1.150392190","rc":[{"ltp":2.48,"id":7795290},{"ltp":1.67,"id":6145777}]}]}
{"op":"mcm","clk":"7863120659","pt":1540906078425,"mc":[{"id":"1.150392190","rc":[{"ltp":2.4,"id":7795290},{"ltp":1.71,"id":6145777}]}]}
{"op":"mcm","clk":"7863125290","pt":1540906138909,"mc":[{"id":"1.150392190","rc":[{"ltp":1.61,"id":7795290},{"ltp":2.62,"id":6145777}]}]}
{"op":"mcm","clk":"7863129607","pt":1540906198797,"mc":[{"id":"1.150392190","rc":[{"ltp":1.82,"id":7795290},{"ltp":2.22,"id":6145777}]}]}
{"op":"mcm","clk":"7863134127","pt":1540906258883,"mc":[{"id":"1.150392190","rc":[{"ltp":1.44,"id":7795290},{"ltp":3.3,"id":6145777}]}]}
{"op":"mcm","clk":"7863138984","pt":1540906318750,"mc":[{"id":"1.150392190","rc":[{"ltp":1.43,"id":7795290}]}]}
{"op":"mcm","clk":"7863156648","pt":1540906378940,"mc":[{"id":"1.150392190","rc":[{"ltp":1.45,"id":7795290}]}]}
{"op":"mcm","clk":"7863162169","pt":1540906438903,"mc":[{"id":"1.150392190","rc":[{"ltp":1.71,"id":7795290},{"ltp":2.42,"id":6145777}]}]}
{"op":"mcm","clk":"7863167463","pt":1540906498869,"mc":[{"id":"1.150392190","rc":[{"ltp":1.2,"id":7795290},{"ltp":6.2,"id":6145777}]}]}
{"op":"mcm","clk":"7863171770","pt":1540906549142,"mc":[{"id":"1.150392190","marketDefinition":{"bspMarket":false,"turnInPlayEnabled":true,"persistenceEnabled":true,"marketBaseRate":5.0,"eventId":"28982502","eventTypeId":"2","numberOfWinners":1,"bettingType":"ODDS","marketType":"MATCH_ODDS","marketTime":"2018-10-30T11:23:00.000Z","suspendTime":"2018-10-30T11:23:00.000Z","bspReconciled":false,"complete":true,"inPlay":true,"crossMatching":true,"runnersVoidable":false,"numberOfActiveRunners":2,"betDelay":5,"status":"SUSPENDED","runners":[{"status":"ACTIVE","sortPriority":1,"id":7795290,"name":"Daria Kasatkina"},{"status":"ACTIVE","sortPriority":2,"id":6145777,"name":"Qiang Wang"}],"regulators":["MR_INT"],"countryCode":"CN","discountAllowed":true,"timezone":"UTC","openDate":"2018-10-30T11:23:00.000Z","version":2485824497,"name":"Match Odds","eventName":"Kasatkina v Q Wang"},"rc":[{"ltp":1.19,"id":7795290},{"ltp":6.0,"id":6145777}]}]}
{"op":"mcm","clk":"7863175369","pt":1540906599344,"mc":[{"id":"1.150392190","marketDefinition":{"bspMarket":false,"turnInPlayEnabled":true,"persistenceEnabled":true,"marketBaseRate":5.0,"eventId":"28982502","eventTypeId":"2","numberOfWinners":1,"bettingType":"ODDS","marketType":"MATCH_ODDS","marketTime":"2018-10-30T11:23:00.000Z","suspendTime":"2018-10-30T11:23:00.000Z","bspReconciled":false,"complete":true,"inPlay":true,"crossMatching":false,"runnersVoidable":false,"numberOfActiveRunners":0,"betDelay":5,"status":"CLOSED","settledTime":"2018-10-30T13:36:06.000Z","runners":[{"status":"WINNER","sortPriority":1,"id":7795290,"name":"Daria Kasatkina"},{"status":"LOSER","sortPriority":2,"id":6145777,"name":"Qiang Wang"}],"regulators":["MR_INT"],"countryCode":"CN","discountAllowed":true,"timezone":"UTC","openDate":"2018-10-30T11:23:00.000Z","version":2485829091,"name":"Match Odds","eventName":"Kasatkina v Q Wang"}}]}
