{"op":"mcm","clk":"7799105112","pt":1540485285101,"mc":[{"id":"1.150193131","marketDefinition":{"bspMarket":false,"turnInPlayEnabled":true,"persistenceEnabled":true,"marketBaseRate":5.0,"eventId":"28975745","eventTypeId":"2","numberOfWinners":1,"bettingType":"ODDS","marketType":"MATCH_ODDS","marketTime":"2018-10-26T12:30:00.000Z","suspendTime":"2018-10-26T12:30:00.000Z","bspReconciled":false,"complete":true,"inPlay":false,"crossMatching":true,"runnersVoidable":false,"numberOfActiveRunners":2,"betDelay":0,"status":"OPEN","runners":[{"status":"ACTIVE","sortPriority":1,"id":5720747,"name":"Dominic Thiem"},{"status":"ACTIVE","sortPriority":2,"id":19924834,"name":"Kei Nishikori"}],"regulators":["MR_INT"],"countryCode":"AT","discountAllowed":true,"timezone":"UTC","openDate":"2018-10-26T12:30:00.000Z","version":2475132626,"name":"Match Odds","eventName":"Thiem v Nishikori"}}]}
{"op":"mcm","clk":"7800421114","pt":1540494648954,"mc":[{"id":"1.150193131","rc":[{"ltp":2.06,"id":5720747},{"ltp":1.96,"id":19924834}]}]}
{"op":"mcm","clk":"7800513618","pt":1540495287581,"mc":[{"id":"1.150193131","rc":[{"ltp":1.93,"id":19924834}]}]}
{"op":"mcm","clk":"7800766276","pt":1540497347260,"mc":[{"id":"1.150193131","rc":[{"ltp":1.93,"id":5720747},{"ltp":2.0,"id":19924834}]}]}
{"op":"mcm","clk":"7800924835","pt":1540498542389,"mc":[{"id":"1.150193131","rc":[{"ltp":1.96,"id":19924834}]}]}
{"op":"mcm","clk":"7801287727","pt":1540502147876,"mc":[{"id":"1.150193131","rc":[{"ltp":1.97,"id":19924834}]}]}
{"op":"mcm","clk":"7801305400","pt":1540502370588,"mc":[{"id":"1.150193131","rc":[{"ltp":2.0,"id":5720747},{"ltp":2.0,"id":19924834}]}]}
{"op":"mcm","clk":"7801314081","pt":1540502481857,"mc":[{"id":"1.150193131","rc":[{"ltp":1.98,"id":19924834}]}]}
{"op":"mcm","clk":"7801379017","pt":1540503297966,"mc":[{"id":"1.150193131","rc":[{"ltp":2.02,"id":5720747}]}]}
{"op":"mcm","clk":"7801421323","pt":1540503857608,"mc":[{"id":"1.150193131","rc":[{"ltp":1.97,"id":19924834}]}]}
{"op":"mcm","clk":"7801585187","pt":1540506345394,"mc":[{"id":"1.150193131","rc":[{"ltp":1.98,"id":19924834}]}]}
{"op":"mcm","clk":"7801587148","pt":1540506385084,"mc":[{"id":"1.150193131","rc":[{"ltp":1.96,"id":19924834}]}]}
{"op":"mcm","clk":"7801676453","pt":1540507368950,"mc":[{"id":"1.150193131","rc":[{"ltp":1.97,"id":19924834}]}]}
{"op":"mcm","clk":"7801682313","pt":1540507486849,"mc":[{"id":"1.150193131","rc":[{"ltp":1.98,"id":19924834}]}]}
{"op":"mcm","clk":"7802038087","pt":1540511969353,"mc":[{"id":"1.150193131","rc":[{"ltp":2.0,"id":5720747},{"ltp":2.0,"id":19924834}]}]}
{"op":"mcm","clk":"7802130656","pt":1540513082836,"mc":[{"id":"1.150193131","rc":[{"ltp":1.95,"id":5720747}]}]}
{"op":"mcm","clk":"7802138661","pt":1540513189482,"mc":[{"id":"1.150193131","rc":[{"ltp":1.9,"id":5720747},{"ltp":2.1,"id":19924834}]}]}
{"op":"mcm","clk":"7802151240","pt":1540513360083,"mc":[{"id":"1.150193131","rc":[{"ltp":1.89,"id":5720747},{"ltp":2.12,"id":19924834}]}]}
{"op":"mcm","clk":"7802389322","pt":1540515973833,"mc":[{"id":"1.150193131","rc":[{"ltp":2.06,"id":19924834}]}]}
{"op":"mcm","clk":"7802731907","pt":1540520193268,"mc":[{"id":"1.150193131","rc":[{"ltp":1.88,"id":5720747}]}]}
{"op":"mcm","clk":"7802737928","pt":1540520269597,"mc":[{"id":"1.150193131","rc":[{"ltp":1.93,"id":5720747},{"ltp":2.08,"id":19924834}]}]}
{"op":"mcm","clk":"7802761579","pt":1540520566173,"mc":[{"id":"1.150193131","rc":[{"ltp":1.94,"id":5720747},{"ltp":2.04,"id":19924834}]}]}
{"op":"mcm","clk":"7802868192","pt":1540521941126,"mc":[{"id":"1.150193131","rc":[{"ltp":2.06,"id":19924834}]}]}
{"op":"mcm","clk":"7802941333","pt":1540523271771,"mc":[{"id":"1.150193131","rc":[{"ltp":2.02,"id":19924834}]}]}
{"op":"mcm","clk":"7803008030","pt":1540524441760,"mc":[{"id":"1.150193131","rc":[{"ltp":1.91,"id":5720747}]}]}
{"op":"mcm","clk":"7803060478","pt":1540525861662,"mc":[{"id":"1.150193131","rc":[{"ltp":1.94,"id":5720747}]}]}
{"op":"mcm","clk":"7803067509","pt":1540526199525,"mc":[{"id":"1.150193131","rc":[{"ltp":1.99,"id":5720747},{"ltp":1.98,"id":19924834}]}]}
{"op":"mcm","clk":"7803084283","pt":1540526269419,"mc":[{"id":"1.150193131","rc":[{"ltp":2.02,"id":5720747}]}]}
{"op":"mcm","clk":"7803108675","pt":1540526833880,"mc":[{"id":"1.150193131","rc":[{"ltp":2.04,"id":5720747},{"ltp":1.96,"id":19924834}]}]}
{"op":"mcm","clk":"7803142379","pt":1540527377106,"mc":[{"id":"1.150193131","rc":[{"ltp":1.95,"id":19924834}]}]}
{"op":"mcm","clk":"7803159946","pt":1540527847153,"mc":[{"id":"1.150193131","rc":[{"ltp":1.96,"id":19924834}]}]}
{"op":"mcm","clk":"7803434529","pt":1540532727267,"mc":[{"id":"1.150193131","rc":[{"ltp":2.06,"id":5720747},{"ltp":1.92,"id":19924834}]}]}
{"op":"mcm","clk":"7803448401","pt":1540533074278,"mc":[{"id":"1.150193131","rc":[{"ltp":1.93,"id":19924834}]}]}
{"op":"mcm","clk":"7803492116","pt":1540533695649,"mc":[{"id":"1.150193131","rc":[{"ltp":2.08,"id":5720747},{"ltp":1.92,"id":19924834}]}]}
{"op":"mcm","clk":"7803508420","pt":1540534008283,"mc":[{"id":"1.150193131","rc":[{"ltp":2.1,"id":5720747},{"ltp":1.91,"id":19924834}]}]}
{"op":"mcm","clk":"7803555446","pt":1540534630174,"mc":[{"id":"1.150193131","rc":[{"ltp":2.08,"id":5720747}]}]}
{"op":"mcm","clk":"7803679441","pt":1540536222260,"mc":[{"id":"1.150193131","rc":[{"ltp":1.92,"id":19924834}]}]}
{"op":"mcm","clk":"7803692503","pt":1540536474888,"mc":[{"id":"1.150193131","rc":[{"ltp":1.93,"id":19924834}]}]}
{"op":"mcm","clk":"7803756994","pt":1540537343526,"mc":[{"id":"1.150193131","rc":[{"ltp":1.9,"id":19924834}]}]}
{"op":"mcm","clk":"7803800693","pt":1540537889433,"mc":[{"id":"1.150193131","rc":[{"ltp":1.89,"id":19924834}]}]}
{"op":"mcm","clk":"7803978984","pt":1540539755422,"mc":[{"id":"1.150193131","rc":[{"ltp":1.93,"id":19924834}]}]}
{"op":"mcm","clk":"7804004095","pt":1540540116561,"mc":[{"id":"1.150193131","rc":[{"ltp":2.06,"id":5720747}]}]}
{"op":"mcm","clk":"7804039664","pt":1540540588349,"mc":[{"id":"1.150193131","rc":[{"ltp":2.12,"id":5720747},{"ltp":1.89,"id":19924834}]}]}
{"op":"mcm","clk":"7804141674","pt":1540541568354,"mc":[{"id":"1.150193131","rc":[{"ltp":2.08,"id":5720747}]}]}
{"op":"mcm","clk":"7804187469","pt":1540542106131,"mc":[{"id":"1.150193131","rc":[{"ltp":2.12,"id":5720747}]}]}
{"op":"mcm","clk":"7804287678","pt":1540543101359,"mc":[{"id":"1.150193131","rc":[{"ltp":1.9,"id":19924834}]}]}
{"op":"mcm","clk":"7804292860","pt":1540543159644,"mc":[{"id":"1.150193131","rc":[{"ltp":2.1,"id":5720747},{"ltp":1.91,"id":19924834}]}]}
{"op":"mcm","clk":"7804300512","pt":1540543242171,"mc":[{"id":"1.150193131","rc":[{"ltp":1.92,"id":19924834}]}]}
{"op":"mcm","clk":"7804363701","pt":1540543772515,"mc":[{"id":"1.150193131","rc":[{"ltp":2.08,"id":5720747}]}]}
{"op":"mcm","clk":"7804501502","pt":1540545078260,"mc":[{"id":"1.150193131","rc":[{"ltp":1.9,"id":19924834}]}]}
{"op":"mcm","clk":"7804545277","pt":1540545348988,"mc":[{"id":"1.150193131","rc":[{"ltp":2.14,"id":5720747},{"ltp":1.86,"id":19924834}]}]}
{"op":"mcm","clk":"7804566862","pt":1540545549322,"mc":[{"id":"1.150193131","rc":[{"ltp":1.88,"id":19924834}]}]}
{"op":"mcm","clk":"7804576446","pt":1540545641452,"mc":[{"id":"1.150193131","rc":[{"ltp":2.16,"id":5720747},{"ltp":1.86,"id":19924834}]}]}
{"op":"mcm","clk":"7804604496","pt":1540545936915,"mc":[{"id":"1.150193131","rc":[{"ltp":1.85,"id":19924834}]}]}
{"op":"mcm","clk":"7804609535","pt":1540545984410,"mc":[{"id":"1.150193131","rc":[{"ltp":1.86,"id":19924834}]}]}
{"op":"mcm","clk":"7804682427","pt":1540546479649,"mc":[{"id":"1.150193131","rc":[{"ltp":1.87,"id":19924834}]}]}
{"op":"mcm","clk":"7804695667","pt":1540546597919,"mc":[{"id":"1.150193131","rc":[{"ltp":2.18,"id":5720747},{"ltp":1.84,"id":19924834}]}]}
{"op":"mcm","clk":"7804726854","pt":1540546901086,"mc":[{"id":"1.150193131","rc":[{"ltp":1.85,"id":19924834}]}]}
{"op":"mcm","clk":"7804748837","pt":1540546968085,"mc":[{"id":"1.150193131","rc":[{"ltp":1.86,"id":19924834}]}]}
{"op":"mcm","clk":"7804754003","pt":1540547029601,"mc":[{"id":"1.150193131","rc":[{"ltp":1.84,"id":19924834}]}]}
{"op":"mcm","clk":"7804764399","pt":1540547143116,"mc":[{"id":"1.150193131","rc":[{"ltp":1.86,"id":19924834}]}]}
{"op":"mcm","clk":"7804776410","pt":1540547256438,"mc":[{"id":"1.150193131","rc":[{"ltp":1.84,"id":19924834}]}]}
{"op":"mcm","clk":"7804788443","pt":1540547366140,"mc":[{"id":"1.150193131","rc":[{"ltp":2.16,"id":5720747}]}]}
{"op":"mcm","clk":"7804806465","pt":1540547531875,"mc":[{"id":"1.150193131","rc":[{"ltp":2.18,"id":5720747}]}]}
{"op":"mcm","clk":"7804828365","pt":1540547773992,"mc":[{"id":"1.150193131","rc":[{"ltp":1.83,"id":19924834}]}]}
{"op":"mcm","clk":"7804832543","pt":1540547818457,"mc":[{"id":"1.150193131","rc":[{"ltp":1.84,"id":19924834}]}]}
{"op":"mcm","clk":"7804856419","pt":1540547915702,"mc":[{"id":"1.150193131","rc":[{"ltp":1.83,"id":19924834}]}]}
{"op":"mcm","clk":"7804878255","pt":1540548154550,"mc":[{"id":"1.150193131","rc":[{"ltp":1.82,"id":19924834}]}]}
{"op":"mcm","clk":"7804885978","pt":1540548218522,"mc":[{"id":"1.150193131","rc":[{"ltp":2.2,"id":5720747},{"ltp":1.84,"id":19924834}]}]}
{"op":"mcm","clk":"7804900012","pt":1540548343752,"mc":[{"id":"1.150193131","rc":[{"ltp":1.85,"id":19924834}]}]}
{"op":"mcm","clk":"7804905970","pt":1540548400562,"mc":[{"id":"1.150193131","rc":[{"ltp":2.16,"id":5720747},{"ltp":1.86,"id":19924834}]}]}
{"op":"mcm","clk":"7804978122","pt":1540548906845,"mc":[{"id":"1.150193131","rc":[{"ltp":1.84,"id":19924834}]}]}
{"op":"mcm","clk":"7805003877","pt":1540549121721,"mc":[{"id":"1.150193131","rc":[{"ltp":1.87,"id":19924834}]}]}
{"op":"mcm","clk":"7805009694","pt":1540549171690,"mc":[{"id":"1.150193131","rc":[{"ltp":2.14,"id":5720747},{"ltp":1.88,"id":19924834}]}]}
{"op":"mcm","clk":"7805017849","pt":1540549249588,"mc":[{"id":"1.150193131","rc":[{"ltp":1.89,"id":19924834}]}]}
{"op":"mcm","clk":"7805025245","pt":1540549309573,"mc":[{"id":"1.150193131","rc":[{"ltp":2.08,"id":5720747},{"ltp":1.91,"id":19924834}]}]}
{"op":"mcm","clk":"7805029781","pt":1540549354406,"mc":[{"id":"1.150193131","rc":[{"ltp":1.9,"id":19924834}]}]}
{"op":"mcm","clk":"7805037634","pt":1540549428701,"mc":[{"id":"1.150193131","rc":[{"ltp":1.91,"id":19924834}]}]}
{"op":"mcm","clk":"7805079402","pt":1540549668045,"mc":[{"id":"1.150193131","rc":[{"ltp":2.12,"id":5720747},{"ltp":1.9,"id":19924834}]}]}
{"op":"mcm","clk":"7805135226","pt":1540550242192,"mc":[{"id":"1.150193131","rc":[{"ltp":1.89,"id":19924834}]}]}
{"op":"mcm","clk":"7805179572","pt":1540550555953,"mc":[{"id":"1.150193131","rc":[{"ltp":2.1,"id":5720747},{"ltp":1.9,"id":19924834}]}]}
{"op":"mcm","clk":"7805196389","pt":1540550737642,"mc":[{"id":"1.150193131","rc":[{"ltp":1.89,"id":19924834}]}]}
{"op":"mcm","clk":"7805202523","pt":1540550798630,"mc":[{"id":"1.150193131","rc":[{"ltp":1.92,"id":19924834}]}]}
{"op":"mcm","clk":"7805225791","pt":1540551040747,"mc":[{"id":"1.150193131","rc":[{"ltp":1.9,"id":19924834}]}]}
{"op":"mcm","clk":"7805301846","pt":1540551767326,"mc":[{"id":"1.150193131","rc":[{"ltp":2.12,"id":5720747},{"ltp":1.89,"id":19924834}]}]}
{"op":"mcm","clk":"7805325354","pt":1540552004593,"mc":[{"id":"1.150193131","rc":[{"ltp":2.1,"id":5720747}]}]}
{"op":"mcm","clk":"7805331345","pt":1540552065301,"mc":[{"id":"1.150193131","rc":[{"ltp":1.9,"id":19924834}]}]}
{"op":"mcm","clk":"7805347391","pt":1540552233658,"mc":[{"id":"1.150193131","rc":[{"ltp":1.89,"id":19924834}]}]}
{"op":"mcm","clk":"7805427774","pt":1540552828871,"mc":[{"id":"1.150193131","rc":[{"ltp":1.9,"id":19924834}]}]}
{"op":"mcm","clk":"7805433930","pt":1540552883809,"mc":[{"id":"1.150193131","rc":[{"ltp":1.91,"id":19924834}]}]}
{"op":"mcm","clk":"7805488844","pt":1540553242535,"mc":[{"id":"1.150193131","rc":[{"ltp":1.92,"id":19924834}]}]}
{"op":"mcm","clk":"7805493135","pt":1540553283879,"mc":[{"id":"1.150193131","rc":[{"ltp":1.91,"id":19924834}]}]}
{"op":"mcm","clk":"7805501044","pt":1540553369704,"mc":[{"id":"1.150193131","rc":[{"ltp":2.08,"id":5720747},{"ltp":1.9,"id":19924834}]}]}
{"op":"mcm","clk":"7805513917","pt":1540553492915,"mc":[{"id":"1.150193131","rc":[{"ltp":1.91,"id":19924834}]}]}
{"op":"mcm","clk":"7805530526","pt":1540553676524,"mc":[{"id":"1.150193131","rc":[{"ltp":2.1,"id":5720747}]}]}
{"op":"mcm","clk":"7805537072","pt":1540553747020,"mc":[{"id":"1.150193131","rc":[{"ltp":1.92,"id":19924834}]}]}
{"op":"mcm","clk":"7805541212","pt":1540553798374,"mc":[{"id":"1.150193131","rc":[{"ltp":2.08,"id":5720747}]}]}
{"op":"mcm","clk":"7805552605","pt":1540553929596,"mc":[{"id":"1.150193131","rc":[{"ltp":2.1,"id":5720747},{"ltp":1.9,"id":19924834}]}]}
{"op":"mcm","clk":"7805558232","pt":1540553989539,"mc":[{"id":"1.150193131","rc":[{"ltp":2.14,"id":5720747},{"ltp":1.89,"id":19924834}]}]}
{"op":"mcm","clk":"7805563717","pt":1540554043165,"mc":[{"id":"1.150193131","rc":[{"ltp":2.1,"id":5720747},{"ltp":1.9,"id":19924834}]}]}
{"op":"mcm","clk":"7805635456","pt":1540554632659,"mc":[{"id":"1.150193131","rc":[{"ltp":2.08,"id":5720747},{"ltp":1.92,"id":19924834}]}]}
{"op":"mcm","clk":"7805660127","pt":1540554882574,"mc":[{"id":"1.150193131","rc":[{"ltp":1.91,"id":19924834}]}]}
{"op":"mcm","clk":"7805691041","pt":1540555059626,"mc":[{"id":"1.150193131","rc":[{"ltp":1.92,"id":19924834}]}]}
{"op":"mcm","clk":"7805697997","pt":1540555129453,"mc":[{"id":"1.150193131","rc":[{"ltp":1.91,"id":19924834}]}]}
{"op":"mcm","clk":"7805715061","pt":1540555289450,"mc":[{"id":"1.150193131","rc":[{"ltp":1.92,"id":19924834}]}]}
{"op":"mcm","clk":"7805744938","pt":1540555537537,"mc":[{"id":"1.150193131","rc":[{"ltp":1.91,"id":19924834}]}]}
{"op":"mcm","clk":"7805754141","pt":1540555609388,"mc":[{"id":"1.150193131","rc":[{"ltp":1.92,"id":19924834}]}]}
{"op":"mcm","clk":"7805761440","pt":1540555662545,"mc":[{"id":"1.150193131","rc":[{"ltp":1.91,"id":19924834}]}]}
{"op":"mcm","clk":"7805776207","pt":1540555784205,"mc":[{"id":"1.150193131","rc":[{"ltp":1.92,"id":19924834}]}]}
{"op":"mcm","clk":"7805814855","pt":1540555966342,"mc":[{"id":"1.150193131","rc":[{"ltp":2.1,"id":5720747},{"ltp":1.91,"id":19924834}]}]}
{"op":"mcm","clk":"7805842705","pt":1540556207744,"mc":[{"id":"1.150193131","rc":[{"ltp":1.9,"id":19924834}]}]}
{"op":"mcm","clk":"7805850458","pt":1540556267556,"mc":[{"id":"1.150193131","rc":[{"ltp":1.89,"id":19924834}]}]}
{"op":"mcm","clk":"7805857674","pt":1540556327809,"mc":[{"id":"1.150193131","rc":[{"ltp":1.9,"id":19924834}]}]}
{"op":"mcm","clk":"7805880424","pt":1540556506893,"mc":[{"id":"1.150193131","rc":[{"ltp":2.14,"id":5720747}]}]}
{"op":"mcm","clk":"7805887925","pt":1540556564876,"mc":[{"id":"1.150193131","rc":[{"ltp":2.12,"id":5720747}]}]}
{"op":"mcm","clk":"7805902976","pt":1540556686872,"mc":[{"id":"1.150193131","rc":[{"ltp":2.14,"id":5720747}]}]}
{"op":"mcm","clk":"7805909604","pt":1540556745900,"mc":[{"id":"1.150193131","rc":[{"ltp":2.1,"id":5720747},{"ltp":1.89,"id":19924834}]}]}
{"op":"mcm","clk":"7805945921","pt":1540556928920,"mc":[{"id":"1.150193131","marketDefinition":{"bspMarket":false,"turnInPlayEnabled":true,"persistenceEnabled":true,"marketBaseRate":5.0,"eventId":"28975745","eventTypeId":"2","numberOfWinners":1,"bettingType":"ODDS","marketType":"MATCH_ODDS","marketTime":"2018-10-26T12:45:00.000Z","suspendTime":"2018-10-26T12:45:00.000Z","bspReconciled":false,"complete":true,"inPlay":false,"crossMatching":true,"runnersVoidable":false,"numberOfActiveRunners":2,"betDelay":0,"status":"OPEN","runners":[{"status":"ACTIVE","sortPriority":1,"id":5720747,"name":"Dominic Thiem"},{"status":"ACTIVE","sortPriority":2,"id":19924834,"name":"Kei Nishikori"}],"regulators":["MR_INT"],"countryCode":"AT","discountAllowed":true,"timezone":"UTC","openDate":"2018-10-26T12:45:00.000Z","version":2476094322,"name":"Match Odds","eventName":"Thiem v Nishikori"},"rc":[{"ltp":2.12,"id":5720747},{"ltp":1.88,"id":19924834}]}]}
{"op":"mcm","clk":"7805952125","pt":1540556989295,"mc":[{"id":"1.150193131","rc":[{"ltp":2.1,"id":5720747},{"ltp":1.91,"id":19924834}]}]}
{"op":"mcm","clk":"7805958327","pt":1540557048275,"mc":[{"id":"1.150193131","rc":[{"ltp":2.08,"id":5720747},{"ltp":1.92,"id":19924834}]}]}
{"op":"mcm","clk":"7805964399","pt":1540557100774,"mc":[{"id":"1.150193131","rc":[{"ltp":1.91,"id":19924834}]}]}
{"op":"mcm","clk":"7805971594","pt":1540557167095,"mc":[{"id":"1.150193131","rc":[{"ltp":2.1,"id":5720747},{"ltp":1.92,"id":19924834}]}]}
{"op":"mcm","clk":"7805976589","pt":1540557208728,"mc":[{"id":"1.150193131","rc":[{"ltp":2.08,"id":5720747},{"ltp":1.91,"id":19924834}]}]}
{"op":"mcm","clk":"7805985629","pt":1540557285921,"mc":[{"id":"1.150193131","rc":[{"ltp":1.92,"id":19924834}]}]}
{"op":"mcm","clk":"7806008796","pt":1540557468296,"mc":[{"id":"1.150193131","rc":[{"ltp":1.91,"id":19924834}]}]}
{"op":"mcm","clk":"7806014854","pt":1540557528482,"mc":[{"id":"1.150193131","rc":[{"ltp":1.92,"id":19924834}]}]}
{"op":"mcm","clk":"7806056858","pt":1540557757061,"mc":[{"id":"1.150193131","rc":[{"ltp":1.91,"id":19924834}]}]}
{"op":"mcm","clk":"7806065476","pt":1540557826305,"mc":[{"id":"1.150193131","marketDefinition":{"bspMarket":false,"turnInPlayEnabled":true,"persistenceEnabled":true,"marketBaseRate":5.0,"eventId":"28975745","eventTypeId":"2","numberOfWinners":1,"bettingType":"ODDS","marketType":"MATCH_ODDS","marketTime":"2018-10-26T13:00:00.000Z","suspendTime":"2018-10-26T13:00:00.000Z","bspReconciled":false,"complete":true,"inPlay":false,"crossMatching":true,"runnersVoidable":false,"numberOfActiveRunners":2,"betDelay":0,"status":"OPEN","runners":[{"status":"ACTIVE","sortPriority":1,"id":5720747,"name":"Dominic Thiem"},{"status":"ACTIVE","sortPriority":2,"id":19924834,"name":"Kei Nishikori"}],"regulators":["MR_INT"],"countryCode":"AT","discountAllowed":true,"timezone":"UTC","openDate":"2018-10-26T13:00:00.000Z","version":2476109943,"name":"Match Odds","eventName":"Thiem v Nishikori"}}]}
{"op":"mcm","clk":"7806078964","pt":1540557949622,"mc":[{"id":"1.150193131","rc":[{"ltp":2.1,"id":5720747},{"ltp":1.9,"id":19924834}]}]}
{"op":"mcm","clk":"7806085657","pt":1540558009481,"mc":[{"id":"1.150193131","rc":[{"ltp":1.88,"id":19924834}]}]}
{"op":"mcm","clk":"7806092445","pt":1540558069561,"mc":[{"id":"1.150193131","rc":[{"ltp":1.9,"id":19924834}]}]}
{"op":"mcm","clk":"7806137423","pt":1540558429543,"mc":[{"id":"1.150193131","rc":[{"ltp":1.89,"id":19924834}]}]}
{"op":"mcm","clk":"7806153291","pt":1540558549556,"mc":[{"id":"1.150193131","rc":[{"ltp":2.12,"id":5720747},{"ltp":1.88,"id":19924834}]}]}
{"op":"mcm","clk":"7806161868","pt":1540558609591,"mc":[{"id":"1.150193131","rc":[{"ltp":2.14,"id":5720747}]}]}
{"op":"mcm","clk":"7806183936","pt":1540558665624,"mc":[{"id":"1.150193131","rc":[{"ltp":1.89,"id":19924834}]}]}
{"op":"mcm","clk":"7806191245","pt":1540558725813,"mc":[{"id":"1.150193131","marketDefinition":{"bspMarket":false,"turnInPlayEnabled":true,"persistenceEnabled":true,"marketBaseRate":5.0,"eventId":"28975745","eventTypeId":"2","numberOfWinners":1,"bettingType":"ODDS","marketType":"MATCH_ODDS","marketTime":"2018-10-26T13:15:00.000Z","suspendTime":"2018-10-26T13:15:00.000Z","bspReconciled":false,"complete":true,"inPlay":false,"crossMatching":true,"runnersVoidable":false,"numberOfActiveRunners":2,"betDelay":0,"status":"OPEN","runners":[{"status":"ACTIVE","sortPriority":1,"id":5720747,"name":"Dominic Thiem"},{"status":"ACTIVE","sortPriority":2,"id":19924834,"name":"Kei Nishikori"}],"regulators":["MR_INT"],"countryCode":"AT","discountAllowed":true,"timezone":"UTC","openDate":"2018-10-26T13:15:00.000Z","version":2476130799,"name":"Match Odds","eventName":"Thiem v Nishikori"},"rc":[{"ltp":2.12,"id":5720747}]}]}
{"op":"mcm","clk":"7806198631","pt":1540558787866,"mc":[{"id":"1.150193131","rc":[{"ltp":1.88,"id":19924834}]}]}
{"op":"mcm","clk":"7806213401","pt":1540558907307,"mc":[{"id":"1.150193131","rc":[{"ltp":2.14,"id":5720747}]}]}
{"op":"mcm","clk":"7806221637","pt":1540558969180,"mc":[{"id":"1.150193131","rc":[{"ltp":1.86,"id":19924834}]}]}
{"op":"mcm","clk":"7806239311","pt":1540559089377,"mc":[{"id":"1.150193131","rc":[{"ltp":1.87,"id":19924834}]}]}
{"op":"mcm","clk":"7806247117","pt":1540559149524,"mc":[{"id":"1.150193131","rc":[{"ltp":2.18,"id":5720747},{"ltp":1.86,"id":19924834}]}]}
{"op":"mcm","clk":"7806263604","pt":1540559269587,"mc":[{"id":"1.150193131","rc":[{"ltp":1.85,"id":19924834}]}]}
{"op":"mcm","clk":"7806272077","pt":1540559328018,"mc":[{"id":"1.150193131","rc":[{"ltp":1.86,"id":19924834}]}]}
{"op":"mcm","clk":"7806281186","pt":1540559387706,"mc":[{"id":"1.150193131","rc":[{"ltp":2.16,"id":5720747},{"ltp":1.85,"id":19924834}]}]}
{"op":"mcm","clk":"7806290578","pt":1540559448356,"mc":[{"id":"1.150193131","rc":[{"ltp":1.86,"id":19924834}]}]}
{"op":"mcm","clk":"7806295046","pt":1540559475024,"mc":[{"id":"1.150193131","rc":[{"ltp":2.18,"id":5720747}]}]}
{"op":"mcm","clk":"7806323229","pt":1540559563718,"mc":[{"id":"1.150193131","rc":[{"ltp":1.87,"id":19924834}]}]}
{"op":"mcm","clk":"7806331166","pt":1540559622457,"mc":[{"id":"1.150193131","marketDefinition":{"bspMarket":false,"turnInPlayEnabled":true,"persistenceEnabled":true,"marketBaseRate":5.0,"eventId":"28975745","eventTypeId":"2","numberOfWinners":1,"bettingType":"ODDS","marketType":"MATCH_ODDS","marketTime":"2018-10-26T13:30:00.000Z","suspendTime":"2018-10-26T13:30:00.000Z","bspReconciled":false,"complete":true,"inPlay":false,"crossMatching":true,"runnersVoidable":false,"numberOfActiveRunners":2,"betDelay":0,"status":"OPEN","runners":[{"status":"ACTIVE","sortPriority":1,"id":5720747,"name":"Dominic Thiem"},{"status":"ACTIVE","sortPriority":2,"id":19924834,"name":"Kei Nishikori"}],"regulators":["MR_INT"],"countryCode":"AT","discountAllowed":true,"timezone":"UTC","openDate":"2018-10-26T13:30:00.000Z","version":2476149822,"name":"Match Odds","eventName":"Thiem v Nishikori"},"rc":[{"ltp":1.86,"id":19924834}]}]}
{"op":"mcm","clk":"7806336950","pt":1540559664489,"mc":[{"id":"1.150193131","rc":[{"ltp":1.87,"id":19924834}]}]}
{"op":"mcm","clk":"7806348338","pt":1540559745717,"mc":[{"id":"1.150193131","rc":[{"ltp":2.14,"id":5720747}]}]}
{"op":"mcm","clk":"7806356556","pt":1540559807880,"mc":[{"id":"1.150193131","rc":[{"ltp":2.18,"id":5720747}]}]}
{"op":"mcm","clk":"7806390057","pt":1540560037297,"mc":[{"id":"1.150193131","rc":[{"ltp":2.16,"id":5720747}]}]}
{"op":"mcm","clk":"7806407695","pt":1540560168349,"mc":[{"id":"1.150193131","rc":[{"ltp":1.86,"id":19924834}]}]}
{"op":"mcm","clk":"7806411766","pt":1540560200242,"mc":[{"id":"1.150193131","rc":[{"ltp":2.14,"id":5720747}]}]}
{"op":"mcm","clk":"7806431466","pt":1540560347094,"mc":[{"id":"1.150193131","rc":[{"ltp":1.87,"id":19924834}]}]}
{"op":"mcm","clk":"7806463420","pt":1540560461958,"mc":[{"id":"1.150193131","rc":[{"ltp":2.16,"id":5720747}]}]}
{"op":"mcm","clk":"7806472001","pt":1540560521740,"mc":[{"id":"1.150193131","marketDefinition":{"bspMarket":false,"turnInPlayEnabled":true,"persistenceEnabled":true,"marketBaseRate":5.0,"eventId":"28975745","eventTypeId":"2","numberOfWinners":1,"bettingType":"ODDS","marketType":"MATCH_ODDS","marketTime":"2018-10-26T13:45:00.000Z","suspendTime":"2018-10-26T13:45:00.000Z","bspReconciled":false,"complete":true,"inPlay":false,"crossMatching":true,"runnersVoidable":false,"numberOfActiveRunners":2,"betDelay":0,"status":"OPEN","runners":[{"status":"ACTIVE","sortPriority":1,"id":5720747,"name":"Dominic Thiem"},{"status":"ACTIVE","sortPriority":2,"id":19924834,"name":"Kei Nishikori"}],"regulators":["MR_INT"],"countryCode":"AT","discountAllowed":true,"timezone":"UTC","openDate":"2018-10-26T13:45:00.000Z","version":2476168236,"name":"Match Odds","eventName":"Thiem v Nishikori"},"rc":[{"ltp":2.14,"id":5720747}]}]}
{"op":"mcm","clk":"7806489057","pt":1540560648944,"mc":[{"id":"1.150193131","rc":[{"ltp":2.16,"id":5720747},{"ltp":1.86,"id":19924834}]}]}
{"op":"mcm","clk":"7806504441","pt":1540560759663,"mc":[{"id":"1.150193131","rc":[{"ltp":1.85,"id":19924834}]}]}
{"op":"mcm","clk":"7806544456","pt":1540561060720,"mc":[{"id":"1.150193131","rc":[{"ltp":1.84,"id":19924834}]}]}
{"op":"mcm","clk":"7806552304","pt":1540561128095,"mc":[{"id":"1.150193131","rc":[{"ltp":1.86,"id":19924834}]}]}
{"op":"mcm","clk":"7806574061","pt":1540561308429,"mc":[{"id":"1.150193131","rc":[{"ltp":2.18,"id":5720747}]}]}
{"op":"mcm","clk":"7806596096","pt":1540561362737,"mc":[{"id":"1.150193131","rc":[{"ltp":2.16,"id":5720747}]}]}
{"op":"mcm","clk":"7806603225","pt":1540561428877,"mc":[{"id":"1.150193131","marketDefinition":{"bspMarket":false,"turnInPlayEnabled":true,"persistenceEnabled":true,"marketBaseRate":5.0,"eventId":"28975745","eventTypeId":"2","numberOfWinners":1,"bettingType":"ODDS","marketType":"MATCH_ODDS","marketTime":"2018-10-26T14:00:00.000Z","suspendTime":"2018-10-26T14:00:00.000Z","bspReconciled":false,"complete":true,"inPlay":false,"crossMatching":true,"runnersVoidable":false,"numberOfActiveRunners":2,"betDelay":0,"status":"OPEN","runners":[{"status":"ACTIVE","sortPriority":1,"id":5720747,"name":"Dominic Thiem"},{"status":"ACTIVE","sortPriority":2,"id":19924834,"name":"Kei Nishikori"}],"regulators":["MR_INT"],"countryCode":"AT","discountAllowed":true,"timezone":"UTC","openDate":"2018-10-26T14:00:00.000Z","version":2476192812,"name":"Match Odds","eventName":"Thiem v Nishikori"}}]}
{"op":"mcm","clk":"7806616778","pt":1540561549164,"mc":[{"id":"1.150193131","rc":[{"ltp":1.85,"id":19924834}]}]}
{"op":"mcm","clk":"7806636471","pt":1540561720588,"mc":[{"id":"1.150193131","rc":[{"ltp":1.86,"id":19924834}]}]}
{"op":"mcm","clk":"7806639651","pt":1540561750012,"mc":[{"id":"1.150193131","rc":[{"ltp":1.85,"id":19924834}]}]}
{"op":"mcm","clk":"7806649435","pt":1540561849329,"mc":[{"id":"1.150193131","rc":[{"ltp":1.86,"id":19924834}]}]}
{"op":"mcm","clk":"7806667297","pt":1540562029290,"mc":[{"id":"1.150193131","rc":[{"ltp":1.85,"id":19924834}]}]}
{"op":"mcm","clk":"7806673609","pt":1540562089603,"mc":[{"id":"1.150193131","rc":[{"ltp":2.14,"id":5720747},{"ltp":1.87,"id":19924834}]}]}
{"op":"mcm","clk":"7806680276","pt":1540562144068,"mc":[{"id":"1.150193131","rc":[{"ltp":1.86,"id":19924834}]}]}
{"op":"mcm","clk":"7806686772","pt":1540562208002,"mc":[{"id":"1.150193131","rc":[{"ltp":2.16,"id":5720747}]}]}
{"op":"mcm","clk":"7806707712","pt":1540562269292,"mc":[{"id":"1.150193131","rc":[{"ltp":1.85,"id":19924834}]}]}
{"op":"mcm","clk":"7806713141","pt":1540562325662,"mc":[{"id":"1.150193131","marketDefinition":{"bspMarket":false,"turnInPlayEnabled":true,"persistenceEnabled":true,"marketBaseRate":5.0,"eventId":"28975745","eventTypeId":"2","numberOfWinners":1,"bettingType":"ODDS","marketType":"MATCH_ODDS","marketTime":"2018-10-26T14:15:00.000Z","suspendTime":"2018-10-26T14:15:00.000Z","bspReconciled":false,"complete":true,"inPlay":false,"crossMatching":true,"runnersVoidable":false,"numberOfActiveRunners":2,"betDelay":0,"status":"OPEN","runners":[{"status":"ACTIVE","sortPriority":1,"id":5720747,"name":"Dominic Thiem"},{"status":"ACTIVE","sortPriority":2,"id":19924834,"name":"Kei Nishikori"}],"regulators":["MR_INT"],"countryCode":"AT","discountAllowed":true,"timezone":"UTC","openDate":"2018-10-26T14:15:00.000Z","version":2476218049,"name":"Match Odds","eventName":"Thiem v Nishikori"}}]}
{"op":"mcm","clk":"7806719756","pt":1540562389479,"mc":[{"id":"1.150193131","rc":[{"ltp":1.86,"id":19924834}]}]}
{"op":"mcm","clk":"7806726885","pt":1540562443312,"mc":[{"id":"1.150193131","rc":[{"ltp":1.85,"id":19924834}]}]}
{"op":"mcm","clk":"7806734862","pt":1540562509257,"mc":[{"id":"1.150193131","rc":[{"ltp":1.86,"id":19924834}]}]}
{"op":"mcm","clk":"7806741262","pt":1540562561852,"mc":[{"id":"1.150193131","rc":[{"ltp":1.85,"id":19924834}]}]}
{"op":"mcm","clk":"7806749183","pt":1540562627521,"mc":[{"id":"1.150193131","rc":[{"ltp":1.86,"id":19924834}]}]}
{"op":"mcm","clk":"7806756298","pt":1540562688851,"mc":[{"id":"1.150193131","rc":[{"ltp":1.87,"id":19924834}]}]}
{"op":"mcm","clk":"7806763441","pt":1540562748747,"mc":[{"id":"1.150193131","rc":[{"ltp":2.14,"id":5720747},{"ltp":1.85,"id":19924834}]}]}
{"op":"mcm","clk":"7806775433","pt":1540562857788,"mc":[{"id":"1.150193131","rc":[{"ltp":2.16,"id":5720747},{"ltp":1.86,"id":19924834}]}]}
{"op":"mcm","clk":"7806784938","pt":1540562929563,"mc":[{"id":"1.150193131","rc":[{"ltp":2.18,"id":5720747},{"ltp":1.87,"id":19924834}]}]}
{"op":"mcm","clk":"7806792215","pt":1540562983903,"mc":[{"id":"1.150193131","rc":[{"ltp":2.14,"id":5720747}]}]}
{"op":"mcm","clk":"7806809305","pt":1540563106747,"mc":[{"id":"1.150193131","rc":[{"ltp":2.16,"id":5720747},{"ltp":1.86,"id":19924834}]}]}
{"op":"mcm","clk":"7806839328","pt":1540563229071,"mc":[{"id":"1.150193131","marketDefinition":{"bspMarket":false,"turnInPlayEnabled":true,"persistenceEnabled":true,"marketBaseRate":5.0,"eventId":"28975745","eventTypeId":"2","numberOfWinners":1,"bettingType":"ODDS","marketType":"MATCH_ODDS","marketTime":"2018-10-26T14:30:00.000Z","suspendTime":"2018-10-26T14:30:00.000Z","bspReconciled":false,"complete":true,"inPlay":false,"crossMatching":true,"runnersVoidable":false,"numberOfActiveRunners":2,"betDelay":0,"status":"OPEN","runners":[{"status":"ACTIVE","sortPriority":1,"id":5720747,"name":"Dominic Thiem"},{"status":"ACTIVE","sortPriority":2,"id":19924834,"name":"Kei Nishikori"}],"regulators":["MR_INT"],"countryCode":"AT","discountAllowed":true,"timezone":"UTC","openDate":"2018-10-26T14:30:00.000Z","version":2476234707,"name":"Match Odds","eventName":"Thiem v Nishikori"},"rc":[{"ltp":1.87,"id":19924834}]}]}
{"op":"mcm","clk":"7806846821","pt":1540563286608,"mc":[{"id":"1.150193131","rc":[{"ltp":1.88,"id":19924834}]}]}
{"op":"mcm","clk":"7806854025","pt":1540563343789,"mc":[{"id":"1.150193131","rc":[{"ltp":2.14,"id":5720747}]}]}
{"op":"mcm","clk":"7806861424","pt":1540563407932,"mc":[{"id":"1.150193131","rc":[{"ltp":1.86,"id":19924834}]}]}
{"op":"mcm","clk":"7806867936","pt":1540563466637,"mc":[{"id":"1.150193131","rc":[{"ltp":2.16,"id":5720747}]}]}
{"op":"mcm","clk":"7806880839","pt":1540563586236,"mc":[{"id":"1.150193131","rc":[{"ltp":1.87,"id":19924834}]}]}
{"op":"mcm","clk":"7806892395","pt":1540563706943,"mc":[{"id":"1.150193131","rc":[{"ltp":2.14,"id":5720747}]}]}
{"op":"mcm","clk":"7806898494","pt":1540563766699,"mc":[{"id":"1.150193131","rc":[{"ltp":2.12,"id":5720747},{"ltp":1.88,"id":19924834}]}]}
{"op":"mcm","clk":"7806911456","pt":1540563885842,"mc":[{"id":"1.150193131","rc":[{"ltp":1.89,"id":19924834}]}]}
{"op":"mcm","clk":"7806913988","pt":1540563908582,"mc":[{"id":"1.150193131","rc":[{"ltp":1.88,"id":19924834}]}]}
{"op":"mcm","clk":"7806923855","pt":1540564009161,"mc":[{"id":"1.150193131","rc":[{"ltp":1.9,"id":19924834}]}]}
{"op":"mcm","clk":"7806945733","pt":1540564069580,"mc":[{"id":"1.150193131","rc":[{"ltp":2.1,"id":5720747}]}]}
{"op":"mcm","clk":"7806951742","pt":1540564125399,"mc":[{"id":"1.150193131","marketDefinition":{"bspMarket":false,"turnInPlayEnabled":true,"persistenceEnabled":true,"marketBaseRate":5.0,"eventId":"28975745","eventTypeId":"2","numberOfWinners":1,"bettingType":"ODDS","marketType":"MATCH_ODDS","marketTime":"2018-10-26T14:45:00.000Z","suspendTime":"2018-10-26T14:45:00.000Z","bspReconciled":false,"complete":true,"inPlay":false,"crossMatching":true,"runnersVoidable":false,"numberOfActiveRunners":2,"betDelay":0,"status":"OPEN","runners":[{"status":"ACTIVE","sortPriority":1,"id":5720747,"name":"Dominic Thiem"},{"status":"ACTIVE","sortPriority":2,"id":19924834,"name":"Kei Nishikori"}],"regulators":["MR_INT"],"countryCode":"AT","discountAllowed":true,"timezone":"UTC","openDate":"2018-10-26T14:45:00.000Z","version":2476249471,"name":"Match Odds","eventName":"Thiem v Nishikori"},"rc":[{"ltp":1.89,"id":19924834}]}]}
{"op":"mcm","clk":"7806957343","pt":1540564187026,"mc":[{"id":"1.150193131","rc":[{"ltp":1.9,"id":19924834}]}]}
{"op":"mcm","clk":"7806968402","pt":1540564309530,"mc":[{"id":"1.150193131","rc":[{"ltp":2.14,"id":5720747},{"ltp":1.87,"id":19924834}]}]}
{"op":"mcm","clk":"7806980320","pt":1540564428599,"mc":[{"id":"1.150193131","marketDefinition":{"bspMarket":false,"turnInPlayEnabled":true,"persistenceEnabled":true,"marketBaseRate":5.0,"eventId":"28975745","eventTypeId":"2","numberOfWinners":1,"bettingType":"ODDS","marketType":"MATCH_ODDS","marketTime":"2018-10-26T14:32:00.000Z","suspendTime":"2018-10-26T14:32:00.000Z","bspReconciled":false,"complete":true,"inPlay":false,"crossMatching":true,"runnersVoidable":false,"numberOfActiveRunners":2,"betDelay":0,"status":"OPEN","runners":[{"status":"ACTIVE","sortPriority":1,"id":5720747,"name":"Dominic Thiem"},{"status":"ACTIVE","sortPriority":2,"id":19924834,"name":"Kei Nishikori"}],"regulators":["MR_INT"],"countryCode":"AT","discountAllowed":true,"timezone":"UTC","openDate":"2018-10-26T14:32:00.000Z","version":2476256854,"name":"Match Odds","eventName":"Thiem v Nishikori"}}]}
{"op":"mcm","clk":"7806986241","pt":1540564489119,"mc":[{"id":"1.150193131","rc":[{"ltp":2.12,"id":5720747},{"ltp":1.9,"id":19924834}]}]}
{"op":"mcm","clk":"7806991437","pt":1540564545665,"mc":[{"id":"1.150193131","rc":[{"ltp":1.89,"id":19924834}]}]}
{"op":"mcm","clk":"7806997045","pt":1540564608939,"mc":[{"id":"1.150193131","rc":[{"ltp":1.88,"id":19924834}]}]}
{"op":"mcm","clk":"7807010792","pt":1540564729514,"mc":[{"id":"1.150193131","rc":[{"ltp":1.89,"id":19924834}]}]}
{"op":"mcm","clk":"7807057464","pt":1540565028005,"mc":[{"id":"1.150193131","rc":[{"ltp":1.87,"id":19924834}]}]}
{"op":"mcm","clk":"7807063874","pt":1540565088760,"mc":[{"id":"1.150193131","rc":[{"ltp":1.89,"id":19924834}]}]}
{"op":"mcm","clk":"7807077119","pt":1540565209341,"mc":[{"id":"1.150193131","rc":[{"ltp":1.87,"id":19924834}]}]}
{"op":"mcm","clk":"7807082814","pt":1540565268147,"mc":[{"id":"1.150193131","rc":[{"ltp":1.89,"id":19924834}]}]}
{"op":"mcm","clk":"7807088639","pt":1540565329353,"mc":[{"id":"1.150193131","marketDefinition":{"bspMarket":false,"turnInPlayEnabled":true,"persistenceEnabled":true,"marketBaseRate":5.0,"eventId":"28975745","eventTypeId":"2","numberOfWinners":1,"bettingType":"ODDS","marketType":"MATCH_ODDS","marketTime":"2018-10-26T14:32:00.000Z","suspendTime":"2018-10-26T14:32:00.000Z","bspReconciled":false,"complete":true,"inPlay":true,"crossMatching":true,"runnersVoidable":false,"numberOfActiveRunners":2,"betDelay":5,"status":"OPEN","runners":[{"status":"ACTIVE","sortPriority":1,"id":5720747,"name":"Dominic Thiem"},{"status":"ACTIVE","sortPriority":2,"id":19924834,"name":"Kei Nishikori"}],"regulators":["MR_INT"],"countryCode":"AT","discountAllowed":true,"timezone":"UTC","openDate":"2018-10-26T14:32:00.000Z","version":2476268233,"name":"Match Odds","eventName":"Thiem v Nishikori"},"rc":[{"ltp":2.26,"id":5720747},{"ltp":1.77,"id":19924834}]}]}
{"op":"mcm","clk":"7807093958","pt":1540565389586,"mc":[{"id":"1.150193131","rc":[{"ltp":2.28,"id":5720747},{"ltp":1.75,"id":19924834}]}]}
{"op":"mcm","clk":"7807099289","pt":1540565449596,"mc":[{"id":"1.150193131","rc":[{"ltp":2.38,"id":5720747},{"ltp":1.72,"id":19924834}]}]}
{"op":"mcm","clk":"7807104168","pt":1540565509531,"mc":[{"id":"1.150193131","rc":[{"ltp":2.46,"id":5720747},{"ltp":1.68,"id":19924834}]}]}
{"op":"mcm","clk":"7807109163","pt":1540565569603,"mc":[{"id":"1.150193131","rc":[{"ltp":3.1,"id":5720747},{"ltp":1.48,"id":19924834}]}]}
{"op":"mcm","clk":"7807113721","pt":1540565629454,"mc":[{"id":"1.150193131","rc":[{"ltp":3.05,"id":5720747},{"ltp":1.49,"id":19924834}]}]}
{"op":"mcm","clk":"7807118347","pt":1540565689301,"mc":[{"id":"1.150193131","rc":[{"ltp":3.35,"id":5720747},{"ltp":1.43,"id":19924834}]}]}
{"op":"mcm","clk":"7807122989","pt":1540565748964,"mc":[{"id":"1.150193131","rc":[{"ltp":3.5,"id":5720747},{"ltp":1.41,"id":19924834}]}]}
{"op":"mcm","clk":"7807127438","pt":1540565809441,"mc":[{"id":"1.150193131","rc":[{"ltp":2.74,"id":5720747},{"ltp":1.58,"id":19924834}]}]}
{"op":"mcm","clk":"7807147447","pt":1540565869550,"mc":[{"id":"1.150193131","rc":[{"ltp":3.35,"id":5720747},{"ltp":1.43,"id":19924834}]}]}
{"op":"mcm","clk":"7807152432","pt":1540565929616,"mc":[{"id":"1.150193131","rc":[{"ltp":3.6,"id":5720747},{"ltp":1.37,"id":19924834}]}]}
{"op":"mcm","clk":"7807157179","pt":1540565989327,"mc":[{"id":"1.150193131","rc":[{"ltp":3.7,"id":5720747}]}]}
{"op":"mcm","clk":"7807162261","pt":1540566049253,"mc":[{"id":"1.150193131","rc":[{"ltp":3.9,"id":5720747},{"ltp":1.34,"id":19924834}]}]}
{"op":"mcm","clk":"7807167948","pt":1540566109458,"mc":[{"id":"1.150193131","rc":[{"ltp":4.5,"id":5720747},{"ltp":1.26,"id":19924834}]}]}
{"op":"mcm","clk":"7807173284","pt":1540566169513,"mc":[{"id":"1.150193131","rc":[{"ltp":1.29,"id":19924834}]}]}
{"op":"mcm","clk":"7807179540","pt":1540566229514,"mc":[{"id":"1.150193131","rc":[{"ltp":3.6,"id":5720747},{"ltp":1.39,"id":19924834}]}]}
{"op":"mcm","clk":"7807185784","pt":1540566289452,"mc":[{"id":"1.150193131","rc":[{"ltp":4.3,"id":5720747},{"ltp":1.27,"id":19924834}]}]}
{"op":"mcm","clk":"7807191869","pt":1540566349558,"mc":[{"id":"1.150193131","rc":[{"ltp":4.8,"id":5720747},{"ltp":1.26,"id":19924834}]}]}
{"op":"mcm","clk":"7807197292","pt":1540566409617,"mc":[{"id":"1.150193131","rc":[{"ltp":4.3,"id":5720747},{"ltp":1.31,"id":19924834}]}]}
{"op":"mcm","clk":"7807202996","pt":1540566469611,"mc":[{"id":"1.150193131","rc":[{"ltp":4.9,"id":5720747},{"ltp":1.27,"id":19924834}]}]}
{"op":"mcm","clk":"7807208180","pt":1540566529389,"mc":[{"id":"1.150193131","rc":[{"ltp":4.7,"id":5720747},{"ltp":1.26,"id":19924834}]}]}
{"op":"mcm","clk":"7807213804","pt":1540566589208,"mc":[{"id":"1.150193131","rc":[{"ltp":4.5,"id":5720747},{"ltp":1.28,"id":19924834}]}]}
{"op":"mcm","clk":"7807218544","pt":1540566649581,"mc":[{"id":"1.150193131","rc":[{"ltp":4.6,"id":5720747},{"ltp":1.27,"id":19924834}]}]}
{"op":"mcm","clk":"7807223835","pt":1540566709505,"mc":[{"id":"1.150193131","rc":[{"ltp":1.28,"id":19924834}]}]}
{"op":"mcm","clk":"7807244861","pt":1540566769534,"mc":[{"id":"1.150193131","rc":[{"ltp":4.4,"id":5720747},{"ltp":1.29,"id":19924834}]}]}
{"op":"mcm","clk":"7807251258","pt":1540566829281,"mc":[{"id":"1.150193131","rc":[{"ltp":1.3,"id":19924834}]}]}
{"op":"mcm","clk":"7807256735","pt":1540566889166,"mc":[{"id":"1.150193131","rc":[{"ltp":3.95,"id":5720747},{"ltp":1.34,"id":19924834}]}]}
{"op":"mcm","clk":"7807262810","pt":1540566949491,"mc":[{"id":"1.150193131","rc":[{"ltp":3.65,"id":5720747},{"ltp":1.38,"id":19924834}]}]}
{"op":"mcm","clk":"7807268185","pt":1540567008513,"mc":[{"id":"1.150193131","rc":[{"ltp":3.7,"id":5720747},{"ltp":1.36,"id":19924834}]}]}
{"op":"mcm","clk":"7807274931","pt":1540567069497,"mc":[{"id":"1.150193131","rc":[{"ltp":3.45,"id":5720747},{"ltp":1.42,"id":19924834}]}]}
{"op":"mcm","clk":"7807281767","pt":1540567129226,"mc":[{"id":"1.150193131","rc":[{"ltp":3.4,"id":5720747}]}]}
{"op":"mcm","clk":"7807288688","pt":1540567189556,"mc":[{"id":"1.150193131","rc":[{"ltp":2.64,"id":5720747},{"ltp":1.63,"id":19924834}]}]}
{"op":"mcm","clk":"7807294782","pt":1540567249500,"mc":[{"id":"1.150193131","rc":[{"ltp":2.36,"id":5720747},{"ltp":1.73,"id":19924834}]}]}
{"op":"mcm","clk":"7807301374","pt":1540567309356,"mc":[{"id":"1.150193131","rc":[{"ltp":2.28,"id":5720747},{"ltp":1.77,"id":19924834}]}]}
{"op":"mcm","clk":"7807307195","pt":1540567369354,"mc":[{"id":"1.150193131","rc":[{"ltp":3.0,"id":5720747},{"ltp":1.48,"id":19924834}]}]}
{"op":"mcm","clk":"7807313361","pt":1540567429619,"mc":[{"id":"1.150193131","rc":[{"ltp":3.35,"id":5720747},{"ltp":1.42,"id":19924834}]}]}
{"op":"mcm","clk":"7807320032","pt":1540567489568,"mc":[{"id":"1.150193131","rc":[{"ltp":3.55,"id":5720747},{"ltp":1.39,"id":19924834}]}]}
{"op":"mcm","clk":"7807326913","pt":1540567549604,"mc":[{"id":"1.150193131","rc":[{"ltp":3.45,"id":5720747},{"ltp":1.4,"id":19924834}]}]}
{"op":"mcm","clk":"7807332322","pt":1540567609552,"mc":[{"id":"1.150193131","rc":[{"ltp":3.4,"id":5720747},{"ltp":1.41,"id":19924834}]}]}
{"op":"mcm","clk":"7807352930","pt":1540567669530,"mc":[{"id":"1.150193131","rc":[{"ltp":3.35,"id":5720747},{"ltp":1.43,"id":19924834}]}]}
{"op":"mcm","clk":"7807358375","pt":1540567729579,"mc":[{"id":"1.150193131","rc":[{"ltp":3.3,"id":5720747}]}]}
{"op":"mcm","clk":"7807364081","pt":1540567789371,"mc":[{"id":"1.150193131","rc":[{"ltp":4.3,"id":5720747},{"ltp":1.31,"id":19924834}]}]}
{"op":"mcm","clk":"7807369944","pt":1540567849562,"mc":[{"id":"1.150193131","rc":[{"ltp":3.45,"id":5720747},{"ltp":1.41,"id":19924834}]}]}
{"op":"mcm","clk":"7807375797","pt":1540567909527,"mc":[{"id":"1.150193131","rc":[{"ltp":3.05,"id":5720747}]}]}
{"op":"mcm","clk":"7807382082","pt":1540567969559,"mc":[{"id":"1.150193131","rc":[{"ltp":4.2,"id":5720747},{"ltp":1.31,"id":19924834}]}]}
{"op":"mcm","clk":"7807388102","pt":1540568029591,"mc":[{"id":"1.150193131","rc":[{"ltp":5.0,"id":5720747},{"ltp":1.25,"id":19924834}]}]}
{"op":"mcm","clk":"7807393966","pt":1540568089605,"mc":[{"id":"1.150193131","rc":[{"ltp":5.5,"id":5720747},{"ltp":1.21,"id":19924834}]}]}
{"op":"mcm","clk":"7807399608","pt":1540568149607,"mc":[{"id":"1.150193131","rc":[{"ltp":5.0,"id":5720747},{"ltp":1.26,"id":19924834}]}]}
{"op":"mcm","clk":"7807405970","pt":1540568209569,"mc":[{"id":"1.150193131","rc":[{"ltp":4.9,"id":5720747},{"ltp":1.27,"id":19924834}]}]}
{"op":"mcm","clk":"7807412270","pt":1540568269461,"mc":[{"id":"1.150193131","rc":[{"ltp":6.4,"id":5720747},{"ltp":1.18,"id":19924834}]}]}
{"op":"mcm","clk":"7807418911","pt":1540568329607,"mc":[{"id":"1.150193131","rc":[{"ltp":9.2,"id":5720747},{"ltp":1.11,"id":19924834}]}]}
{"op":"mcm","clk":"7807425090","pt":1540568389484,"mc":[{"id":"1.150193131","rc":[{"ltp":12.0,"id":5720747},{"ltp":1.09,"id":19924834}]}]}
{"op":"mcm","clk":"7807431644","pt":1540568449562,"mc":[{"id":"1.150193131","rc":[{"ltp":24.0,"id":5720747},{"ltp":1.05,"id":19924834}]}]}
{"op":"mcm","clk":"7807437624","pt":1540568509578,"mc":[{"id":"1.150193131","rc":[{"ltp":29.0,"id":5720747},{"ltp":1.04,"id":19924834}]}]}
{"op":"mcm","clk":"7807458920","pt":1540568569551,"mc":[{"id":"1.150193131","rc":[{"ltp":32.0,"id":5720747}]}]}
{"op":"mcm","clk":"7807465641","pt":1540568629619,"mc":[{"id":"1.150193131","rc":[{"ltp":34.0,"id":5720747}]}]}
{"op":"mcm","clk":"7807471747","pt":1540568689497,"mc":[{"id":"1.150193131","rc":[{"ltp":36.0,"id":5720747}]}]}
{"op":"mcm","clk":"7807477876","pt":1540568749119,"mc":[{"id":"1.150193131","rc":[{"ltp":55.0,"id":5720747},{"ltp":1.02,"id":19924834}]}]}
{"op":"mcm","clk":"7807484315","pt":1540568809174,"mc":[{"id":"1.150193131","rc":[{"ltp":65.0,"id":5720747}]}]}
{"op":"mcm","clk":"7807490603","pt":1540568869574,"mc":[{"id":"1.150193131","rc":[{"ltp":55.0,"id":5720747}]}]}
{"op":"mcm","clk":"7807496817","pt":1540568928808,"mc":[{"id":"1.150193131","rc":[{"ltp":46.0,"id":5720747}]}]}
{"op":"mcm","clk":"7807503011","pt":1540568989595,"mc":[{"id":"1.150193131","rc":[{"ltp":48.0,"id":5720747},{"ltp":1.03,"id":19924834}]}]}
{"op":"mcm","clk":"7807513632","pt":1540569109569,"mc":[{"id":"1.150193131","rc":[{"ltp":50.0,"id":5720747},{"ltp":1.02,"id":19924834}]}]}
{"op":"mcm","clk":"7807519608","pt":1540569169241,"mc":[{"id":"1.150193131","rc":[{"ltp":110.0,"id":5720747},{"ltp":1.01,"id":19924834}]}]}
{"op":"mcm","clk":"7807525027","pt":1540569228972,"mc":[{"id":"1.150193131","rc":[{"ltp":120.0,"id":5720747}]}]}
{"op":"mcm","clk":"7807538439","pt":1540569349219,"mc":[{"id":"1.150193131","rc":[{"ltp":140.0,"id":5720747}]}]}
{"op":"mcm","clk":"7807544614","pt":1540569406327,"mc":[{"id":"1.150193131","marketDefinition":{"bspMarket":false,"turnInPlayEnabled":true,"persistenceEnabled":true,"marketBaseRate":5.0,"eventId":"28975745","eventTypeId":"2","numberOfWinners":1,"bettingType":"ODDS","marketType":"MATCH_ODDS","marketTime":"2018-10-26T14:32:00.000Z","suspendTime":"2018-10-26T14:32:00.000Z","bspReconciled":false,"complete":true,"inPlay":true,"crossMatching":true,"runnersVoidable":false,"numberOfActiveRunners":2,"betDelay":5,"status":"SUSPENDED","runners":[{"status":"ACTIVE","sortPriority":1,"id":5720747,"name":"Dominic Thiem"},{"status":"ACTIVE","sortPriority":2,"id":19924834,"name":"Kei Nishikori"}],"regulators":["MR_INT"],"countryCode":"AT","discountAllowed":true,"timezone":"UTC","openDate":"2018-10-26T14:32:00.000Z","version":2476341346,"name":"Match Odds","eventName":"Thiem v Nishikori"},"rc":[{"ltp":240.0,"id":5720747}]}]}
{"op":"mcm","clk":"7807565305","pt":1540569465514,"mc":[{"id":"1.150193131","marketDefinition":{"bspMarket":false,"turnInPlayEnabled":true,"persistenceEnabled":true,"marketBaseRate":5.0,"eventId":"28975745","eventTypeId":"2","numberOfWinners":1,"bettingType":"ODDS","marketType":"MATCH_ODDS","marketTime":"2018-10-26T14:32:00.000Z","suspendTime":"2018-10-26T14:32:00.000Z","bspReconciled":false,"complete":true,"inPlay":true,"crossMatching":false,"runnersVoidable":false,"numberOfActiveRunners":0,"betDelay":5,"status":"CLOSED","settledTime":"2018-10-26T15:57:19.000Z","runners":[{"status":"LOSER","sortPriority":1,"id":5720747,"name":"Dominic Thiem"},{"status":"WINNER","sortPriority":2,"id":19924834,"name":"Kei Nishikori"}],"regulators":["MR_INT"],"countryCode":"AT","discountAllowed":true,"timezone":"UTC","openDate":"2018-10-26T14:32:00.000Z","version":2476343266,"name":"Match Odds","eventName":"Thiem v Nishikori"}}]}
