{"op":"mcm","clk":"7836556469","pt":1540658977056,"mc":[{"id":"1.150321013","marketDefinition":{"bspMarket":false,"turnInPlayEnabled":true,"persistenceEnabled":true,"marketBaseRate":5.0,"eventId":"28979871","eventTypeId":"2","numberOfWinners":1,"bettingType":"ODDS","marketType":"MATCH_ODDS","marketTime":"2018-10-28T14:00:00.000Z","suspendTime":"2018-10-28T14:00:00.000Z","bspReconciled":false,"complete":true,"inPlay":false,"crossMatching":true,"runnersVoidable":false,"numberOfActiveRunners":2,"betDelay":0,"status":"OPEN","runners":[{"status":"ACTIVE","sortPriority":1,"id":2251402,"name":"Roger Federer"},{"status":"ACTIVE","sortPriority":2,"id":4195870,"name":"Marius Copil"}],"regulators":["MR_INT"],"countryCode":"CH","discountAllowed":true,"timezone":"UTC","openDate":"2018-10-28T14:00:00.000Z","version":2479700702,"name":"Match Odds","eventName":"18746112"}}]}
{"op":"mcm","clk":"7836981637","pt":1540661252807,"mc":[{"id":"1.150321013","rc":[{"ltp":1.19,"id":2251402}]}]}
{"op":"mcm","clk":"7837006380","pt":1540661390902,"mc":[{"id":"1.150321013","rc":[{"ltp":1.18,"id":2251402}]}]}
{"op":"mcm","clk":"7837025668","pt":1540661498636,"mc":[{"id":"1.150321013","rc":[{"ltp":1.19,"id":2251402}]}]}
{"op":"mcm","clk":"7837105836","pt":1540661866956,"mc":[{"id":"1.150321013","rc":[{"ltp":1.17,"id":2251402}]}]}
{"op":"mcm","clk":"7837127386","pt":1540661976949,"mc":[{"id":"1.150321013","rc":[{"ltp":6.4,"id":4195870}]}]}
{"op":"mcm","clk":"7837140496","pt":1540662047737,"mc":[{"id":"1.150321013","rc":[{"ltp":1.19,"id":2251402}]}]}
{"op":"mcm","clk":"7837175429","pt":1540662227028,"mc":[{"id":"1.150321013","rc":[{"ltp":1.17,"id":2251402}]}]}
{"op":"mcm","clk":"7837201135","pt":1540662363547,"mc":[{"id":"1.150321013","rc":[{"ltp":1.18,"id":2251402}]}]}
{"op":"mcm","clk":"7837253986","pt":1540662588684,"mc":[{"id":"1.150321013","rc":[{"ltp":1.17,"id":2251402}]}]}
{"op":"mcm","clk":"7837625380","pt":1540664395220,"mc":[{"id":"1.150321013","rc":[{"ltp":7.0,"id":4195870}]}]}
{"op":"mcm","clk":"7837899267","pt":1540665777615,"mc":[{"id":"1.150321013","rc":[{"ltp":1.16,"id":2251402}]}]}
{"op":"mcm","clk":"7837914531","pt":1540665860675,"mc":[{"id":"1.150321013","rc":[{"ltp":1.17,"id":2251402}]}]}
{"op":"mcm","clk":"7838008896","pt":1540666297438,"mc":[{"id":"1.150321013","rc":[{"ltp":1.16,"id":2251402}]}]}
{"op":"mcm","clk":"7838052936","pt":1540666570688,"mc":[{"id":"1.150321013","rc":[{"ltp":6.8,"id":4195870},{"ltp":1.17,"id":2251402}]}]}
{"op":"mcm","clk":"7838087523","pt":1540666792189,"mc":[{"id":"1.150321013","rc":[{"ltp":1.16,"id":2251402}]}]}
{"op":"mcm","clk":"7838323652","pt":1540667950948,"mc":[{"id":"1.150321013","rc":[{"ltp":1.17,"id":2251402}]}]}
{"op":"mcm","clk":"7838516335","pt":1540668923365,"mc":[{"id":"1.150321013","rc":[{"ltp":1.16,"id":2251402}]}]}
{"op":"mcm","clk":"7838542636","pt":1540669063006,"mc":[{"id":"1.150321013","rc":[{"ltp":7.0,"id":4195870}]}]}
{"op":"mcm","clk":"7838564734","pt":1540669177659,"mc":[{"id":"1.150321013","rc":[{"ltp":1.17,"id":2251402}]}]}
{"op":"mcm","clk":"7838567557","pt":1540669193379,"mc":[{"id":"1.150321013","rc":[{"ltp":1.16,"id":2251402}]}]}
{"op":"mcm","clk":"7838672340","pt":1540669683880,"mc":[{"id":"1.150321013","rc":[{"ltp":6.8,"id":4195870},{"ltp":1.17,"id":2251402}]}]}
{"op":"mcm","clk":"7838730973","pt":1540670052770,"mc":[{"id":"1.150321013","rc":[{"ltp":1.16,"id":2251402}]}]}
{"op":"mcm","clk":"7838821339","pt":1540670566728,"mc":[{"id":"1.150321013","rc":[{"ltp":1.17,"id":2251402}]}]}
{"op":"mcm","clk":"7838844378","pt":1540670749251,"mc":[{"id":"1.150321013","rc":[{"ltp":1.16,"id":2251402}]}]}
{"op":"mcm","clk":"7838874535","pt":1540670967155,"mc":[{"id":"1.150321013","rc":[{"ltp":7.2,"id":4195870}]}]}
{"op":"mcm","clk":"7838928223","pt":1540671358396,"mc":[{"id":"1.150321013","rc":[{"ltp":7.4,"id":4195870}]}]}
{"op":"mcm","clk":"7838975010","pt":1540671583689,"mc":[{"id":"1.150321013","rc":[{"ltp":1.15,"id":2251402}]}]}
{"op":"mcm","clk":"7839014995","pt":1540671895092,"mc":[{"id":"1.150321013","rc":[{"ltp":1.16,"id":2251402}]}]}
{"op":"mcm","clk":"7839175810","pt":1540673185710,"mc":[{"id":"1.150321013","rc":[{"ltp":1.15,"id":2251402}]}]}
{"op":"mcm","clk":"7839294198","pt":1540674102213,"mc":[{"id":"1.150321013","rc":[{"ltp":7.6,"id":4195870}]}]}
{"op":"mcm","clk":"7839379732","pt":1540674704272,"mc":[{"id":"1.150321013","rc":[{"ltp":7.4,"id":4195870}]}]}
{"op":"mcm","clk":"7839463259","pt":1540675316521,"mc":[{"id":"1.150321013","rc":[{"ltp":1.16,"id":2251402}]}]}
{"op":"mcm","clk":"7839474174","pt":1540675423733,"mc":[{"id":"1.150321013","rc":[{"ltp":1.15,"id":2251402}]}]}
{"op":"mcm","clk":"7839549736","pt":1540676082469,"mc":[{"id":"1.150321013","rc":[{"ltp":7.2,"id":4195870}]}]}
{"op":"mcm","clk":"7839579654","pt":1540676458205,"mc":[{"id":"1.150321013","rc":[{"ltp":7.4,"id":4195870}]}]}
{"op":"mcm","clk":"7839892005","pt":1540679992131,"mc":[{"id":"1.150321013","rc":[{"ltp":1.16,"id":2251402}]}]}
{"op":"mcm","clk":"7839907951","pt":1540680229051,"mc":[{"id":"1.150321013","rc":[{"ltp":1.15,"id":2251402}]}]}
{"op":"mcm","clk":"7839955680","pt":1540680806201,"mc":[{"id":"1.150321013","rc":[{"ltp":1.16,"id":2251402}]}]}
{"op":"mcm","clk":"7839963659","pt":1540680937898,"mc":[{"id":"1.150321013","rc":[{"ltp":1.15,"id":2251402}]}]}
{"op":"mcm","clk":"7839968431","pt":1540681009731,"mc":[{"id":"1.150321013","rc":[{"ltp":7.6,"id":4195870}]}]}
{"op":"mcm","clk":"7839974387","pt":1540681103136,"mc":[{"id":"1.150321013","rc":[{"ltp":1.14,"id":2251402}]}]}
{"op":"mcm","clk":"7840109978","pt":1540682511901,"mc":[{"id":"1.150321013","rc":[{"ltp":1.15,"id":2251402}]}]}
{"op":"mcm","clk":"7840220981","pt":1540683704938,"mc":[{"id":"1.150321013","rc":[{"ltp":1.14,"id":2251402}]}]}
{"op":"mcm","clk":"7840269996","pt":1540684123251,"mc":[{"id":"1.150321013","rc":[{"ltp":1.15,"id":2251402}]}]}
{"op":"mcm","clk":"7840275504","pt":1540684198125,"mc":[{"id":"1.150321013","rc":[{"ltp":7.8,"id":4195870}]}]}
{"op":"mcm","clk":"7840349481","pt":1540684983025,"mc":[{"id":"1.150321013","rc":[{"ltp":1.14,"id":2251402}]}]}
{"op":"mcm","clk":"7840372604","pt":1540685214503,"mc":[{"id":"1.150321013","rc":[{"ltp":1.15,"id":2251402}]}]}
{"op":"mcm","clk":"7840407351","pt":1540685603735,"mc":[{"id":"1.150321013","rc":[{"ltp":1.14,"id":2251402}]}]}
{"op":"mcm","clk":"7840452309","pt":1540685956414,"mc":[{"id":"1.150321013","rc":[{"ltp":1.15,"id":2251402}]}]}
{"op":"mcm","clk":"7840457904","pt":1540686025770,"mc":[{"id":"1.150321013","rc":[{"ltp":1.14,"id":2251402}]}]}
{"op":"mcm","clk":"7840460974","pt":1540686070055,"mc":[{"id":"1.150321013","rc":[{"ltp":1.15,"id":2251402}]}]}
{"op":"mcm","clk":"7840670596","pt":1540688293875,"mc":[{"id":"1.150321013","rc":[{"ltp":1.14,"id":2251402}]}]}
{"op":"mcm","clk":"7840938190","pt":1540691164914,"mc":[{"id":"1.150321013","rc":[{"ltp":1.15,"id":2251402}]}]}
{"op":"mcm","clk":"7840976952","pt":1540691503634,"mc":[{"id":"1.150321013","rc":[{"ltp":7.6,"id":4195870}]}]}
{"op":"mcm","clk":"7841059328","pt":1540692438518,"mc":[{"id":"1.150321013","rc":[{"ltp":1.14,"id":2251402}]}]}
{"op":"mcm","clk":"7841090016","pt":1540692770736,"mc":[{"id":"1.150321013","rc":[{"ltp":1.15,"id":2251402}]}]}
{"op":"mcm","clk":"7841110765","pt":1540693002741,"mc":[{"id":"1.150321013","rc":[{"ltp":7.8,"id":4195870}]}]}
{"op":"mcm","clk":"7841184034","pt":1540693715066,"mc":[{"id":"1.150321013","rc":[{"ltp":1.14,"id":2251402}]}]}
{"op":"mcm","clk":"7841196316","pt":1540693864306,"mc":[{"id":"1.150321013","rc":[{"ltp":1.15,"id":2251402}]}]}
{"op":"mcm","clk":"7841289954","pt":1540694765691,"mc":[{"id":"1.150321013","rc":[{"ltp":1.14,"id":2251402}]}]}
{"op":"mcm","clk":"7841319645","pt":1540694955987,"mc":[{"id":"1.150321013","rc":[{"ltp":1.15,"id":2251402}]}]}
{"op":"mcm","clk":"7841363826","pt":1540695508016,"mc":[{"id":"1.150321013","rc":[{"ltp":1.14,"id":2251402}]}]}
{"op":"mcm","clk":"7841451280","pt":1540696485578,"mc":[{"id":"1.150321013","rc":[{"ltp":1.15,"id":2251402}]}]}
{"op":"mcm","clk":"7841509474","pt":1540696969852,"mc":[{"id":"1.150321013","rc":[{"ltp":1.14,"id":2251402}]}]}
{"op":"mcm","clk":"7841530243","pt":1540697185049,"mc":[{"id":"1.150321013","rc":[{"ltp":1.15,"id":2251402}]}]}
{"op":"mcm","clk":"7841535803","pt":1540697247340,"mc":[{"id":"1.150321013","rc":[{"ltp":1.14,"id":2251402}]}]}
{"op":"mcm","clk":"7841625171","pt":1540698166591,"mc":[{"id":"1.150321013","rc":[{"ltp":1.15,"id":2251402}]}]}
{"op":"mcm","clk":"7841630857","pt":1540698239976,"mc":[{"id":"1.150321013","rc":[{"ltp":1.14,"id":2251402}]}]}
{"op":"mcm","clk":"7841684113","pt":1540698772121,"mc":[{"id":"1.150321013","rc":[{"ltp":1.15,"id":2251402}]}]}
{"op":"mcm","clk":"7841704340","pt":1540699019674,"mc":[{"id":"1.150321013","rc":[{"ltp":1.14,"id":2251402}]}]}
{"op":"mcm","clk":"7841769138","pt":1540699579917,"mc":[{"id":"1.150321013","rc":[{"ltp":1.15,"id":2251402}]}]}
{"op":"mcm","clk":"7841792397","pt":1540699888818,"mc":[{"id":"1.150321013","rc":[{"ltp":1.14,"id":2251402}]}]}
{"op":"mcm","clk":"7841803191","pt":1540700028808,"mc":[{"id":"1.150321013","rc":[{"ltp":1.15,"id":2251402}]}]}
{"op":"mcm","clk":"7841807558","pt":1540700082953,"mc":[{"id":"1.150321013","rc":[{"ltp":1.14,"id":2251402}]}]}
{"op":"mcm","clk":"7841842992","pt":1540700358071,"mc":[{"id":"1.150321013","rc":[{"ltp":1.15,"id":2251402}]}]}
{"op":"mcm","clk":"7841854314","pt":1540700511675,"mc":[{"id":"1.150321013","rc":[{"ltp":1.14,"id":2251402}]}]}
{"op":"mcm","clk":"7841869972","pt":1540700686143,"mc":[{"id":"1.150321013","rc":[{"ltp":8.2,"id":4195870}]}]}
{"op":"mcm","clk":"7841874231","pt":1540700740003,"mc":[{"id":"1.150321013","rc":[{"ltp":8.0,"id":4195870}]}]}
{"op":"mcm","clk":"7841931890","pt":1540701281470,"mc":[{"id":"1.150321013","rc":[{"ltp":1.15,"id":2251402}]}]}
{"op":"mcm","clk":"7842067337","pt":1540702873061,"mc":[{"id":"1.150321013","rc":[{"ltp":1.14,"id":2251402}]}]}
{"op":"mcm","clk":"7842071343","pt":1540702923965,"mc":[{"id":"1.150321013","rc":[{"ltp":1.15,"id":2251402}]}]}
{"op":"mcm","clk":"7842096311","pt":1540703078589,"mc":[{"id":"1.150321013","rc":[{"ltp":1.14,"id":2251402}]}]}
{"op":"mcm","clk":"7842108116","pt":1540703186153,"mc":[{"id":"1.150321013","rc":[{"ltp":1.13,"id":2251402}]}]}
{"op":"mcm","clk":"7842138808","pt":1540703449235,"mc":[{"id":"1.150321013","rc":[{"ltp":1.14,"id":2251402}]}]}
{"op":"mcm","clk":"7842158950","pt":1540703613431,"mc":[{"id":"1.150321013","rc":[{"ltp":1.13,"id":2251402}]}]}
{"op":"mcm","clk":"7842176113","pt":1540703741194,"mc":[{"id":"1.150321013","rc":[{"ltp":1.14,"id":2251402}]}]}
{"op":"mcm","clk":"7842205336","pt":1540703867097,"mc":[{"id":"1.150321013","rc":[{"ltp":1.13,"id":2251402}]}]}
{"op":"mcm","clk":"7842221048","pt":1540703998123,"mc":[{"id":"1.150321013","rc":[{"ltp":1.14,"id":2251402}]}]}
{"op":"mcm","clk":"7842445642","pt":1540705744124,"mc":[{"id":"1.150321013","rc":[{"ltp":1.13,"id":2251402}]}]}
{"op":"mcm","clk":"7842457705","pt":1540705856336,"mc":[{"id":"1.150321013","rc":[{"ltp":1.14,"id":2251402}]}]}
{"op":"mcm","clk":"7842532602","pt":1540706522034,"mc":[{"id":"1.150321013","rc":[{"ltp":1.13,"id":2251402}]}]}
{"op":"mcm","clk":"7842553876","pt":1540706604823,"mc":[{"id":"1.150321013","rc":[{"ltp":1.14,"id":2251402}]}]}
{"op":"mcm","clk":"7842618849","pt":1540707166820,"mc":[{"id":"1.150321013","rc":[{"ltp":1.13,"id":2251402}]}]}
{"op":"mcm","clk":"7842651010","pt":1540707397862,"mc":[{"id":"1.150321013","rc":[{"ltp":1.14,"id":2251402}]}]}
{"op":"mcm","clk":"7842680145","pt":1540707516651,"mc":[{"id":"1.150321013","rc":[{"ltp":1.13,"id":2251402}]}]}
{"op":"mcm","clk":"7842704138","pt":1540707681203,"mc":[{"id":"1.150321013","rc":[{"ltp":1.14,"id":2251402}]}]}
{"op":"mcm","clk":"7842863230","pt":1540708729654,"mc":[{"id":"1.150321013","rc":[{"ltp":1.13,"id":2251402}]}]}
{"op":"mcm","clk":"7842873623","pt":1540708811094,"mc":[{"id":"1.150321013","rc":[{"ltp":1.14,"id":2251402}]}]}
{"op":"mcm","clk":"7842923070","pt":1540709165465,"mc":[{"id":"1.150321013","rc":[{"ltp":1.13,"id":2251402}]}]}
{"op":"mcm","clk":"7842949134","pt":1540709267939,"mc":[{"id":"1.150321013","rc":[{"ltp":8.2,"id":4195870},{"ltp":1.14,"id":2251402}]}]}
{"op":"mcm","clk":"7843039027","pt":1540710102402,"mc":[{"id":"1.150321013","rc":[{"ltp":1.13,"id":2251402}]}]}
{"op":"mcm","clk":"7843068446","pt":1540710274164,"mc":[{"id":"1.150321013","rc":[{"ltp":1.14,"id":2251402}]}]}
{"op":"mcm","clk":"7843109238","pt":1540710624160,"mc":[{"id":"1.150321013","rc":[{"ltp":1.13,"id":2251402}]}]}
{"op":"mcm","clk":"7843125619","pt":1540710777451,"mc":[{"id":"1.150321013","rc":[{"ltp":1.14,"id":2251402}]}]}
{"op":"mcm","clk":"7843333435","pt":1540712306027,"mc":[{"id":"1.150321013","rc":[{"ltp":8.0,"id":4195870}]}]}
{"op":"mcm","clk":"7843436588","pt":1540713037807,"mc":[{"id":"1.150321013","rc":[{"ltp":1.13,"id":2251402}]}]}
{"op":"mcm","clk":"7843458943","pt":1540713242782,"mc":[{"id":"1.150321013","rc":[{"ltp":8.2,"id":4195870}]}]}
{"op":"mcm","clk":"7843468556","pt":1540713349750,"mc":[{"id":"1.150321013","rc":[{"ltp":8.4,"id":4195870}]}]}
{"op":"mcm","clk":"7843475625","pt":1540713427155,"mc":[{"id":"1.150321013","rc":[{"ltp":1.14,"id":2251402}]}]}
{"op":"mcm","clk":"7843483870","pt":1540713524050,"mc":[{"id":"1.150321013","rc":[{"ltp":8.2,"id":4195870}]}]}
{"op":"mcm","clk":"7843493709","pt":1540713636842,"mc":[{"id":"1.150321013","rc":[{"ltp":8.0,"id":4195870}]}]}
{"op":"mcm","clk":"7843518188","pt":1540713758194,"mc":[{"id":"1.150321013","rc":[{"ltp":1.13,"id":2251402}]}]}
{"op":"mcm","clk":"7843546679","pt":1540714068489,"mc":[{"id":"1.150321013","rc":[{"ltp":1.14,"id":2251402}]}]}
{"op":"mcm","clk":"7843638193","pt":1540714846047,"mc":[{"id":"1.150321013","rc":[{"ltp":1.13,"id":2251402}]}]}
{"op":"mcm","clk":"7843650827","pt":1540714953165,"mc":[{"id":"1.150321013","rc":[{"ltp":8.4,"id":4195870}]}]}
{"op":"mcm","clk":"7843658589","pt":1540715028630,"mc":[{"id":"1.150321013","rc":[{"ltp":1.14,"id":2251402}]}]}
{"op":"mcm","clk":"7843698134","pt":1540715372584,"mc":[{"id":"1.150321013","rc":[{"ltp":1.13,"id":2251402}]}]}
{"op":"mcm","clk":"7843702328","pt":1540715406909,"mc":[{"id":"1.150321013","rc":[{"ltp":8.2,"id":4195870},{"ltp":1.14,"id":2251402}]}]}
{"op":"mcm","clk":"7843808858","pt":1540716360849,"mc":[{"id":"1.150321013","rc":[{"ltp":1.13,"id":2251402}]}]}
{"op":"mcm","clk":"7843828049","pt":1540716433759,"mc":[{"id":"1.150321013","rc":[{"ltp":1.14,"id":2251402}]}]}
{"op":"mcm","clk":"7843843040","pt":1540716619051,"mc":[{"id":"1.150321013","rc":[{"ltp":1.13,"id":2251402}]}]}
{"op":"mcm","clk":"7843848617","pt":1540716679645,"mc":[{"id":"1.150321013","rc":[{"ltp":1.14,"id":2251402}]}]}
{"op":"mcm","clk":"7843887758","pt":1540717105327,"mc":[{"id":"1.150321013","rc":[{"ltp":1.13,"id":2251402}]}]}
{"op":"mcm","clk":"7843971968","pt":1540717819294,"mc":[{"id":"1.150321013","rc":[{"ltp":1.14,"id":2251402}]}]}
{"op":"mcm","clk":"7843986659","pt":1540717966332,"mc":[{"id":"1.150321013","rc":[{"ltp":8.0,"id":4195870}]}]}
{"op":"mcm","clk":"7844003141","pt":1540718121878,"mc":[{"id":"1.150321013","rc":[{"ltp":1.13,"id":2251402}]}]}
{"op":"mcm","clk":"7844028685","pt":1540718262216,"mc":[{"id":"1.150321013","rc":[{"ltp":8.2,"id":4195870}]}]}
{"op":"mcm","clk":"7844070604","pt":1540718674015,"mc":[{"id":"1.150321013","rc":[{"ltp":1.14,"id":2251402}]}]}
{"op":"mcm","clk":"7844105750","pt":1540719029824,"mc":[{"id":"1.150321013","rc":[{"ltp":8.0,"id":4195870}]}]}
{"op":"mcm","clk":"7844115066","pt":1540719115897,"mc":[{"id":"1.150321013","rc":[{"ltp":8.4,"id":4195870}]}]}
{"op":"mcm","clk":"7844177292","pt":1540719586026,"mc":[{"id":"1.150321013","rc":[{"ltp":1.13,"id":2251402}]}]}
{"op":"mcm","clk":"7844193930","pt":1540719725518,"mc":[{"id":"1.150321013","rc":[{"ltp":1.14,"id":2251402}]}]}
{"op":"mcm","clk":"7844294660","pt":1540720547834,"mc":[{"id":"1.150321013","rc":[{"ltp":8.0,"id":4195870},{"ltp":1.13,"id":2251402}]}]}
{"op":"mcm","clk":"7844300391","pt":1540720596166,"mc":[{"id":"1.150321013","rc":[{"ltp":1.14,"id":2251402}]}]}
{"op":"mcm","clk":"7844385167","pt":1540721143490,"mc":[{"id":"1.150321013","rc":[{"ltp":1.13,"id":2251402}]}]}
{"op":"mcm","clk":"7844391749","pt":1540721192214,"mc":[{"id":"1.150321013","rc":[{"ltp":1.14,"id":2251402}]}]}
{"op":"mcm","clk":"7844438299","pt":1540721537871,"mc":[{"id":"1.150321013","rc":[{"ltp":1.13,"id":2251402}]}]}
{"op":"mcm","clk":"7844498873","pt":1540721909003,"mc":[{"id":"1.150321013","rc":[{"ltp":8.2,"id":4195870}]}]}
{"op":"mcm","clk":"7844507950","pt":1540721977327,"mc":[{"id":"1.150321013","rc":[{"ltp":1.14,"id":2251402}]}]}
{"op":"mcm","clk":"7844523056","pt":1540722091742,"mc":[{"id":"1.150321013","rc":[{"ltp":1.13,"id":2251402}]}]}
{"op":"mcm","clk":"7844568475","pt":1540722453420,"mc":[{"id":"1.150321013","rc":[{"ltp":1.14,"id":2251402}]}]}
{"op":"mcm","clk":"7844623247","pt":1540722773934,"mc":[{"id":"1.150321013","rc":[{"ltp":8.0,"id":4195870}]}]}
{"op":"mcm","clk":"7844638723","pt":1540722883633,"mc":[{"id":"1.150321013","rc":[{"ltp":8.4,"id":4195870}]}]}
{"op":"mcm","clk":"7844640371","pt":1540722895488,"mc":[{"id":"1.150321013","rc":[{"ltp":1.13,"id":2251402}]}]}
{"op":"mcm","clk":"7844657056","pt":1540723007573,"mc":[{"id":"1.150321013","rc":[{"ltp":1.14,"id":2251402}]}]}
{"op":"mcm","clk":"7844694815","pt":1540723271829,"mc":[{"id":"1.150321013","rc":[{"ltp":1.13,"id":2251402}]}]}
{"op":"mcm","clk":"7844706750","pt":1540723363140,"mc":[{"id":"1.150321013","rc":[{"ltp":1.14,"id":2251402}]}]}
{"op":"mcm","clk":"7844737301","pt":1540723600775,"mc":[{"id":"1.150321013","rc":[{"ltp":8.2,"id":4195870},{"ltp":1.13,"id":2251402}]}]}
{"op":"mcm","clk":"7844740197","pt":1540723625006,"mc":[{"id":"1.150321013","rc":[{"ltp":1.14,"id":2251402}]}]}
{"op":"mcm","clk":"7844778688","pt":1540723832871,"mc":[{"id":"1.150321013","rc":[{"ltp":8.4,"id":4195870}]}]}
{"op":"mcm","clk":"7844803037","pt":1540724022221,"mc":[{"id":"1.150321013","rc":[{"ltp":8.2,"id":4195870}]}]}
{"op":"mcm","clk":"7844858842","pt":1540724449679,"mc":[{"id":"1.150321013","rc":[{"ltp":8.0,"id":4195870}]}]}
{"op":"mcm","clk":"7844916343","pt":1540724727877,"mc":[{"id":"1.150321013","rc":[{"ltp":1.15,"id":2251402}]}]}
{"op":"mcm","clk":"7844929494","pt":1540724805926,"mc":[{"id":"1.150321013","rc":[{"ltp":1.14,"id":2251402}]}]}
{"op":"mcm","clk":"7844939761","pt":1540724867068,"mc":[{"id":"1.150321013","rc":[{"ltp":1.15,"id":2251402}]}]}
{"op":"mcm","clk":"7845040872","pt":1540725419854,"mc":[{"id":"1.150321013","rc":[{"ltp":1.14,"id":2251402}]}]}
{"op":"mcm","clk":"7845126673","pt":1540725855180,"mc":[{"id":"1.150321013","rc":[{"ltp":1.15,"id":2251402}]}]}
{"op":"mcm","clk":"7845158474","pt":1540726036488,"mc":[{"id":"1.150321013","rc":[{"ltp":7.8,"id":4195870},{"ltp":1.14,"id":2251402}]}]}
{"op":"mcm","clk":"7845235205","pt":1540726399785,"mc":[{"id":"1.150321013","rc":[{"ltp":1.15,"id":2251402}]}]}
{"op":"mcm","clk":"7845257363","pt":1540726527032,"mc":[{"id":"1.150321013","rc":[{"ltp":1.14,"id":2251402}]}]}
{"op":"mcm","clk":"7845316372","pt":1540726835711,"mc":[{"id":"1.150321013","rc":[{"ltp":1.15,"id":2251402}]}]}
{"op":"mcm","clk":"7845328475","pt":1540726900545,"mc":[{"id":"1.150321013","rc":[{"ltp":8.0,"id":4195870}]}]}
{"op":"mcm","clk":"7845340505","pt":1540726964333,"mc":[{"id":"1.150321013","rc":[{"ltp":7.8,"id":4195870}]}]}
{"op":"mcm","clk":"7845442825","pt":1540727485157,"mc":[{"id":"1.150321013","rc":[{"ltp":1.14,"id":2251402}]}]}
{"op":"mcm","clk":"7845454595","pt":1540727566121,"mc":[{"id":"1.150321013","rc":[{"ltp":1.15,"id":2251402}]}]}
{"op":"mcm","clk":"7845462447","pt":1540727621913,"mc":[{"id":"1.150321013","rc":[{"ltp":8.0,"id":4195870},{"ltp":1.14,"id":2251402}]}]}
{"op":"mcm","clk":"7845515692","pt":1540727989926,"mc":[{"id":"1.150321013","rc":[{"ltp":1.15,"id":2251402}]}]}
{"op":"mcm","clk":"7845525746","pt":1540728049674,"mc":[{"id":"1.150321013","rc":[{"ltp":1.14,"id":2251402}]}]}
{"op":"mcm","clk":"7845568080","pt":1540728216284,"mc":[{"id":"1.150321013","rc":[{"ltp":1.15,"id":2251402}]}]}
{"op":"mcm","clk":"7845669389","pt":1540728708150,"mc":[{"id":"1.150321013","rc":[{"ltp":1.14,"id":2251402}]}]}
{"op":"mcm","clk":"7845720377","pt":1540728947955,"mc":[{"id":"1.150321013","rc":[{"ltp":1.15,"id":2251402}]}]}
{"op":"mcm","clk":"7845752454","pt":1540729045847,"mc":[{"id":"1.150321013","rc":[{"ltp":7.8,"id":4195870}]}]}
{"op":"mcm","clk":"7845796704","pt":1540729268392,"mc":[{"id":"1.150321013","rc":[{"ltp":1.14,"id":2251402}]}]}
{"op":"mcm","clk":"7845810411","pt":1540729335555,"mc":[{"id":"1.150321013","rc":[{"ltp":1.15,"id":2251402}]}]}
{"op":"mcm","clk":"7845822089","pt":1540729394421,"mc":[{"id":"1.150321013","rc":[{"ltp":1.14,"id":2251402}]}]}
{"op":"mcm","clk":"7845873106","pt":1540729647635,"mc":[{"id":"1.150321013","rc":[{"ltp":1.15,"id":2251402}]}]}
{"op":"mcm","clk":"7845927742","pt":1540729904409,"mc":[{"id":"1.150321013","rc":[{"ltp":1.14,"id":2251402}]}]}
{"op":"mcm","clk":"7845964373","pt":1540730018297,"mc":[{"id":"1.150321013","rc":[{"ltp":1.15,"id":2251402}]}]}
{"op":"mcm","clk":"7846198167","pt":1540731033668,"mc":[{"id":"1.150321013","rc":[{"ltp":1.14,"id":2251402}]}]}
{"op":"mcm","clk":"7846235432","pt":1540731214560,"mc":[{"id":"1.150321013","rc":[{"ltp":8.0,"id":4195870}]}]}
{"op":"mcm","clk":"7846257521","pt":1540731329641,"mc":[{"id":"1.150321013","rc":[{"ltp":7.6,"id":4195870},{"ltp":1.15,"id":2251402}]}]}
{"op":"mcm","clk":"7846263318","pt":1540731361436,"mc":[{"id":"1.150321013","rc":[{"ltp":1.14,"id":2251402}]}]}
{"op":"mcm","clk":"7846294205","pt":1540731524611,"mc":[{"id":"1.150321013","rc":[{"ltp":1.15,"id":2251402}]}]}
{"op":"mcm","clk":"7846306289","pt":1540731584940,"mc":[{"id":"1.150321013","rc":[{"ltp":1.14,"id":2251402}]}]}
{"op":"mcm","clk":"7846316059","pt":1540731629571,"mc":[{"id":"1.150321013","rc":[{"ltp":1.15,"id":2251402}]}]}
{"op":"mcm","clk":"7846353528","pt":1540731751833,"mc":[{"id":"1.150321013","rc":[{"ltp":7.8,"id":4195870}]}]}
{"op":"mcm","clk":"7846381183","pt":1540731881204,"mc":[{"id":"1.150321013","rc":[{"ltp":7.6,"id":4195870}]}]}
{"op":"mcm","clk":"7846407917","pt":1540731996854,"mc":[{"id":"1.150321013","rc":[{"ltp":1.14,"id":2251402}]}]}
{"op":"mcm","clk":"7846417096","pt":1540732037474,"mc":[{"id":"1.150321013","rc":[{"ltp":1.15,"id":2251402}]}]}
{"op":"mcm","clk":"7846498506","pt":1540732369477,"mc":[{"id":"1.150321013","rc":[{"ltp":1.14,"id":2251402}]}]}
{"op":"mcm","clk":"7846508574","pt":1540732410036,"mc":[{"id":"1.150321013","rc":[{"ltp":7.8,"id":4195870},{"ltp":1.15,"id":2251402}]}]}
{"op":"mcm","clk":"7846536522","pt":1540732521171,"mc":[{"id":"1.150321013","rc":[{"ltp":1.14,"id":2251402}]}]}
{"op":"mcm","clk":"7846637024","pt":1540732904125,"mc":[{"id":"1.150321013","rc":[{"ltp":1.15,"id":2251402}]}]}
{"op":"mcm","clk":"7846646779","pt":1540732947984,"mc":[{"id":"1.150321013","rc":[{"ltp":1.14,"id":2251402}]}]}
{"op":"mcm","clk":"7846660069","pt":1540733006610,"mc":[{"id":"1.150321013","rc":[{"ltp":1.15,"id":2251402}]}]}
{"op":"mcm","clk":"7846707450","pt":1540733207085,"mc":[{"id":"1.150321013","rc":[{"ltp":1.14,"id":2251402}]}]}
{"op":"mcm","clk":"7846754047","pt":1540733408045,"mc":[{"id":"1.150321013","rc":[{"ltp":1.15,"id":2251402}]}]}
{"op":"mcm","clk":"7846806030","pt":1540733568028,"mc":[{"id":"1.150321013","rc":[{"ltp":1.14,"id":2251402}]}]}
{"op":"mcm","clk":"7846836921","pt":1540733689626,"mc":[{"id":"1.150321013","rc":[{"ltp":1.15,"id":2251402}]}]}
{"op":"mcm","clk":"7846913849","pt":1540733989585,"mc":[{"id":"1.150321013","rc":[{"ltp":8.0,"id":4195870},{"ltp":1.14,"id":2251402}]}]}
{"op":"mcm","clk":"7846928439","pt":1540734044351,"mc":[{"id":"1.150321013","rc":[{"ltp":1.15,"id":2251402}]}]}
{"op":"mcm","clk":"7846943918","pt":1540734106790,"mc":[{"id":"1.150321013","rc":[{"ltp":1.14,"id":2251402}]}]}
{"op":"mcm","clk":"7846957217","pt":1540734159703,"mc":[{"id":"1.150321013","rc":[{"ltp":1.15,"id":2251402}]}]}
{"op":"mcm","clk":"7846973900","pt":1540734229859,"mc":[{"id":"1.150321013","rc":[{"ltp":7.8,"id":4195870},{"ltp":1.14,"id":2251402}]}]}
{"op":"mcm","clk":"7846987297","pt":1540734288984,"mc":[{"id":"1.150321013","rc":[{"ltp":8.0,"id":4195870}]}]}
{"op":"mcm","clk":"7846998656","pt":1540734335979,"mc":[{"id":"1.150321013","rc":[{"ltp":1.15,"id":2251402}]}]}
{"op":"mcm","clk":"7847015104","pt":1540734406610,"mc":[{"id":"1.150321013","rc":[{"ltp":7.8,"id":4195870}]}]}
{"op":"mcm","clk":"7847039867","pt":1540734465879,"mc":[{"id":"1.150321013","rc":[{"ltp":8.0,"id":4195870}]}]}
{"op":"mcm","clk":"7847053103","pt":1540734528297,"mc":[{"id":"1.150321013","rc":[{"ltp":7.8,"id":4195870}]}]}
{"op":"mcm","clk":"7847063460","pt":1540734576525,"mc":[{"id":"1.150321013","rc":[{"ltp":8.0,"id":4195870},{"ltp":1.14,"id":2251402}]}]}
{"op":"mcm","clk":"7847076987","pt":1540734638203,"mc":[{"id":"1.150321013","rc":[{"ltp":7.8,"id":4195870},{"ltp":1.15,"id":2251402}]}]}
{"op":"mcm","clk":"7847103994","pt":1540734766996,"mc":[{"id":"1.150321013","rc":[{"ltp":8.0,"id":4195870}]}]}
{"op":"mcm","clk":"7847117226","pt":1540734829934,"mc":[{"id":"1.150321013","marketDefinition":{"bspMarket":false,"turnInPlayEnabled":true,"persistenceEnabled":true,"marketBaseRate":5.0,"eventId":"28979871","eventTypeId":"2","numberOfWinners":1,"bettingType":"ODDS","marketType":"MATCH_ODDS","marketTime":"2018-10-28T13:52:00.000Z","suspendTime":"2018-10-28T13:52:00.000Z","bspReconciled":false,"complete":true,"inPlay":false,"crossMatching":true,"runnersVoidable":false,"numberOfActiveRunners":2,"betDelay":0,"status":"OPEN","runners":[{"status":"ACTIVE","sortPriority":1,"id":2251402,"name":"Roger Federer"},{"status":"ACTIVE","sortPriority":2,"id":4195870,"name":"Marius Copil"}],"regulators":["MR_INT"],"countryCode":"CH","discountAllowed":true,"timezone":"UTC","openDate":"2018-10-28T13:52:00.000Z","version":2482228133,"name":"Match Odds","eventName":"18746112"}}]}
{"op":"mcm","clk":"7847129489","pt":1540734888968,"mc":[{"id":"1.150321013","rc":[{"ltp":1.14,"id":2251402}]}]}
{"op":"mcm","clk":"7847141483","pt":1540734946534,"mc":[{"id":"1.150321013","rc":[{"ltp":1.15,"id":2251402}]}]}
{"op":"mcm","clk":"7847165533","pt":1540735065036,"mc":[{"id":"1.150321013","rc":[{"ltp":1.14,"id":2251402}]}]}
{"op":"mcm","clk":"7847178423","pt":1540735125590,"mc":[{"id":"1.150321013","rc":[{"ltp":1.15,"id":2251402}]}]}
{"op":"mcm","clk":"7847245924","pt":1540735365115,"mc":[{"id":"1.150321013","rc":[{"ltp":1.14,"id":2251402}]}]}
{"op":"mcm","clk":"7847262264","pt":1540735428703,"mc":[{"id":"1.150321013","rc":[{"ltp":1.15,"id":2251402}]}]}
{"op":"mcm","clk":"7847327819","pt":1540735669790,"mc":[{"id":"1.150321013","rc":[{"ltp":7.8,"id":4195870},{"ltp":1.14,"id":2251402}]}]}
{"op":"mcm","clk":"7847344425","pt":1540735729708,"mc":[{"id":"1.150321013","rc":[{"ltp":8.0,"id":4195870}]}]}
{"op":"mcm","clk":"7847360394","pt":1540735788527,"mc":[{"id":"1.150321013","rc":[{"ltp":8.4,"id":4195870},{"ltp":1.13,"id":2251402}]}]}
{"op":"mcm","clk":"7847376950","pt":1540735848867,"mc":[{"id":"1.150321013","rc":[{"ltp":1.14,"id":2251402}]}]}
{"op":"mcm","clk":"7847393861","pt":1540735909803,"mc":[{"id":"1.150321013","rc":[{"ltp":1.13,"id":2251402}]}]}
{"op":"mcm","clk":"7847410749","pt":1540735969898,"mc":[{"id":"1.150321013","marketDefinition":{"bspMarket":false,"turnInPlayEnabled":true,"persistenceEnabled":true,"marketBaseRate":5.0,"eventId":"28979871","eventTypeId":"2","numberOfWinners":1,"bettingType":"ODDS","marketType":"MATCH_ODDS","marketTime":"2018-10-28T13:52:00.000Z","suspendTime":"2018-10-28T13:52:00.000Z","bspReconciled":false,"complete":true,"inPlay":true,"crossMatching":true,"runnersVoidable":false,"numberOfActiveRunners":2,"betDelay":5,"status":"OPEN","runners":[{"status":"ACTIVE","sortPriority":1,"id":2251402,"name":"Roger Federer"},{"status":"ACTIVE","sortPriority":2,"id":4195870,"name":"Marius Copil"}],"regulators":["MR_INT"],"countryCode":"CH","discountAllowed":true,"timezone":"UTC","openDate":"2018-10-28T13:52:00.000Z","version":2482333863,"name":"Match Odds","eventName":"18746112"},"rc":[{"ltp":8.6,"id":4195870},{"ltp":1.12,"id":2251402}]}]}
{"op":"mcm","clk":"7847427465","pt":1540736029772,"mc":[{"id":"1.150321013","rc":[{"ltp":8.8,"id":4195870}]}]}
{"op":"mcm","clk":"7847444257","pt":1540736089758,"mc":[{"id":"1.150321013","rc":[{"ltp":9.2,"id":4195870},{"ltp":1.13,"id":2251402}]}]}
{"op":"mcm","clk":"7847461288","pt":1540736149818,"mc":[{"id":"1.150321013","rc":[{"ltp":8.6,"id":4195870}]}]}
{"op":"mcm","clk":"7847477463","pt":1540736209843,"mc":[{"id":"1.150321013","rc":[{"ltp":7.6,"id":4195870},{"ltp":1.15,"id":2251402}]}]}
{"op":"mcm","clk":"7847504439","pt":1540736269693,"mc":[{"id":"1.150321013","rc":[{"ltp":6.8,"id":4195870},{"ltp":1.17,"id":2251402}]}]}
{"op":"mcm","clk":"7847520529","pt":1540736329872,"mc":[{"id":"1.150321013","rc":[{"ltp":3.9,"id":4195870},{"ltp":1.36,"id":2251402}]}]}
{"op":"mcm","clk":"7847535504","pt":1540736389552,"mc":[{"id":"1.150321013","rc":[{"ltp":3.75,"id":4195870},{"ltp":1.37,"id":2251402}]}]}
{"op":"mcm","clk":"7847550623","pt":1540736449760,"mc":[{"id":"1.150321013","rc":[{"ltp":3.7,"id":4195870}]}]}
{"op":"mcm","clk":"7847579773","pt":1540736569986,"mc":[{"id":"1.150321013","rc":[{"ltp":3.4,"id":4195870},{"ltp":1.4,"id":2251402}]}]}
{"op":"mcm","clk":"7847593712","pt":1540736629790,"mc":[{"id":"1.150321013","rc":[{"ltp":3.5,"id":4195870}]}]}
{"op":"mcm","clk":"7847607678","pt":1540736689878,"mc":[{"id":"1.150321013","rc":[{"ltp":3.6,"id":4195870},{"ltp":1.36,"id":2251402}]}]}
{"op":"mcm","clk":"7847621518","pt":1540736749882,"mc":[{"id":"1.150321013","rc":[{"ltp":3.7,"id":4195870}]}]}
{"op":"mcm","clk":"7847635314","pt":1540736809622,"mc":[{"id":"1.150321013","rc":[{"ltp":3.75,"id":4195870}]}]}
{"op":"mcm","clk":"7847648022","pt":1540736869956,"mc":[{"id":"1.150321013","rc":[{"ltp":4.2,"id":4195870},{"ltp":1.32,"id":2251402}]}]}
{"op":"mcm","clk":"7847661664","pt":1540736929835,"mc":[{"id":"1.150321013","rc":[{"ltp":4.4,"id":4195870},{"ltp":1.28,"id":2251402}]}]}
{"op":"mcm","clk":"7847675492","pt":1540736989823,"mc":[{"id":"1.150321013","rc":[{"ltp":5.0,"id":4195870},{"ltp":1.25,"id":2251402}]}]}
{"op":"mcm","clk":"7847689596","pt":1540737049879,"mc":[{"id":"1.150321013","rc":[{"ltp":8.0,"id":4195870},{"ltp":1.14,"id":2251402}]}]}
{"op":"mcm","clk":"7847703113","pt":1540737109793,"mc":[{"id":"1.150321013","rc":[{"ltp":7.2,"id":4195870},{"ltp":1.15,"id":2251402}]}]}
{"op":"mcm","clk":"7847728102","pt":1540737169950,"mc":[{"id":"1.150321013","rc":[{"ltp":1.14,"id":2251402}]}]}
{"op":"mcm","clk":"7847742284","pt":1540737228736,"mc":[{"id":"1.150321013","rc":[{"ltp":8.0,"id":4195870},{"ltp":1.15,"id":2251402}]}]}
{"op":"mcm","clk":"7847757279","pt":1540737289912,"mc":[{"id":"1.150321013","rc":[{"ltp":1.13,"id":2251402}]}]}
{"op":"mcm","clk":"7847771922","pt":1540737349611,"mc":[{"id":"1.150321013","rc":[{"ltp":8.2,"id":4195870},{"ltp":1.15,"id":2251402}]}]}
{"op":"mcm","clk":"7847787704","pt":1540737409555,"mc":[{"id":"1.150321013","rc":[{"ltp":7.2,"id":4195870},{"ltp":1.16,"id":2251402}]}]}
{"op":"mcm","clk":"7847802947","pt":1540737469924,"mc":[{"id":"1.150321013","rc":[{"ltp":7.0,"id":4195870}]}]}
{"op":"mcm","clk":"7847817804","pt":1540737529792,"mc":[{"id":"1.150321013","rc":[{"ltp":7.2,"id":4195870}]}]}
{"op":"mcm","clk":"7847832852","pt":1540737589867,"mc":[{"id":"1.150321013","rc":[{"ltp":7.6,"id":4195870},{"ltp":1.14,"id":2251402}]}]}
{"op":"mcm","clk":"7847848125","pt":1540737649057,"mc":[{"id":"1.150321013","rc":[{"ltp":8.0,"id":4195870}]}]}
{"op":"mcm","clk":"7847863195","pt":1540737709718,"mc":[{"id":"1.150321013","rc":[{"ltp":8.2,"id":4195870},{"ltp":1.15,"id":2251402}]}]}
{"op":"mcm","clk":"7847878041","pt":1540737769958,"mc":[{"id":"1.150321013","rc":[{"ltp":7.8,"id":4195870},{"ltp":1.14,"id":2251402}]}]}
{"op":"mcm","clk":"7847892814","pt":1540737829677,"mc":[{"id":"1.150321013","rc":[{"ltp":10.0,"id":4195870},{"ltp":1.1,"id":2251402}]}]}
{"op":"mcm","clk":"7847907109","pt":1540737889890,"mc":[{"id":"1.150321013","rc":[{"ltp":7.2,"id":4195870},{"ltp":1.16,"id":2251402}]}]}
{"op":"mcm","clk":"7847921568","pt":1540737949724,"mc":[{"id":"1.150321013","rc":[{"ltp":7.8,"id":4195870},{"ltp":1.15,"id":2251402}]}]}
{"op":"mcm","clk":"7847935029","pt":1540738009441,"mc":[{"id":"1.150321013","rc":[{"ltp":7.6,"id":4195870}]}]}
{"op":"mcm","clk":"7847958462","pt":1540738067867,"mc":[{"id":"1.150321013","rc":[{"ltp":7.2,"id":4195870}]}]}
{"op":"mcm","clk":"7847970557","pt":1540738129409,"mc":[{"id":"1.150321013","rc":[{"ltp":7.6,"id":4195870}]}]}
{"op":"mcm","clk":"7847982021","pt":1540738189889,"mc":[{"id":"1.150321013","rc":[{"ltp":6.8,"id":4195870},{"ltp":1.17,"id":2251402}]}]}
{"op":"mcm","clk":"7847993491","pt":1540738249587,"mc":[{"id":"1.150321013","rc":[{"ltp":7.0,"id":4195870}]}]}
{"op":"mcm","clk":"7848004850","pt":1540738309916,"mc":[{"id":"1.150321013","rc":[{"ltp":6.8,"id":4195870},{"ltp":1.18,"id":2251402}]}]}
{"op":"mcm","clk":"7848015429","pt":1540738369954,"mc":[{"id":"1.150321013","rc":[{"ltp":5.1,"id":4195870},{"ltp":1.24,"id":2251402}]}]}
{"op":"mcm","clk":"7848026652","pt":1540738429977,"mc":[{"id":"1.150321013","rc":[{"ltp":7.2,"id":4195870},{"ltp":1.16,"id":2251402}]}]}
{"op":"mcm","clk":"7848037470","pt":1540738489868,"mc":[{"id":"1.150321013","rc":[{"ltp":6.0,"id":4195870},{"ltp":1.19,"id":2251402}]}]}
{"op":"mcm","clk":"7848047949","pt":1540738549719,"mc":[{"id":"1.150321013","rc":[{"ltp":10.0,"id":4195870},{"ltp":1.11,"id":2251402}]}]}
{"op":"mcm","clk":"7848058399","pt":1540738609054,"mc":[{"id":"1.150321013","rc":[{"ltp":13.5,"id":4195870},{"ltp":1.07,"id":2251402}]}]}
{"op":"mcm","clk":"7848069543","pt":1540738669955,"mc":[{"id":"1.150321013","rc":[{"ltp":15.0,"id":4195870}]}]}
{"op":"mcm","clk":"7848080205","pt":1540738729860,"mc":[{"id":"1.150321013","rc":[{"ltp":17.5,"id":4195870},{"ltp":1.06,"id":2251402}]}]}
{"op":"mcm","clk":"7848091235","pt":1540738789917,"mc":[{"id":"1.150321013","rc":[{"ltp":22.0,"id":4195870},{"ltp":1.05,"id":2251402}]}]}
{"op":"mcm","clk":"7848114483","pt":1540738909945,"mc":[{"id":"1.150321013","rc":[{"ltp":21.0,"id":4195870},{"ltp":1.06,"id":2251402}]}]}
{"op":"mcm","clk":"7848137338","pt":1540738969724,"mc":[{"id":"1.150321013","rc":[{"ltp":17.5,"id":4195870}]}]}
{"op":"mcm","clk":"7848150314","pt":1540739029070,"mc":[{"id":"1.150321013","rc":[{"ltp":16.5,"id":4195870}]}]}
{"op":"mcm","clk":"7848163880","pt":1540739089875,"mc":[{"id":"1.150321013","rc":[{"ltp":15.5,"id":4195870},{"ltp":1.07,"id":2251402}]}]}
{"op":"mcm","clk":"7848177159","pt":1540739149869,"mc":[{"id":"1.150321013","rc":[{"ltp":1.09,"id":2251402}]}]}
{"op":"mcm","clk":"7848189807","pt":1540739209770,"mc":[{"id":"1.150321013","rc":[{"ltp":12.0,"id":4195870}]}]}
{"op":"mcm","clk":"7848202966","pt":1540739269937,"mc":[{"id":"1.150321013","rc":[{"ltp":1.07,"id":2251402}]}]}
{"op":"mcm","clk":"7848216685","pt":1540739329660,"mc":[{"id":"1.150321013","rc":[{"ltp":13.5,"id":4195870},{"ltp":1.08,"id":2251402}]}]}
{"op":"mcm","clk":"7848230640","pt":1540739389929,"mc":[{"id":"1.150321013","rc":[{"ltp":10.0,"id":4195870},{"ltp":1.12,"id":2251402}]}]}
{"op":"mcm","clk":"7848244482","pt":1540739449903,"mc":[{"id":"1.150321013","rc":[{"ltp":5.9,"id":4195870},{"ltp":1.2,"id":2251402}]}]}
{"op":"mcm","clk":"7848257325","pt":1540739509941,"mc":[{"id":"1.150321013","rc":[{"ltp":5.7,"id":4195870}]}]}
{"op":"mcm","clk":"7848270995","pt":1540739569514,"mc":[{"id":"1.150321013","rc":[{"ltp":6.2,"id":4195870},{"ltp":1.18,"id":2251402}]}]}
{"op":"mcm","clk":"7848285029","pt":1540739629717,"mc":[{"id":"1.150321013","rc":[{"ltp":5.7,"id":4195870},{"ltp":1.22,"id":2251402}]}]}
{"op":"mcm","clk":"7848298494","pt":1540739689970,"mc":[{"id":"1.150321013","rc":[{"ltp":6.2,"id":4195870},{"ltp":1.19,"id":2251402}]}]}
{"op":"mcm","clk":"7848325059","pt":1540739809873,"mc":[{"id":"1.150321013","rc":[{"ltp":6.0,"id":4195870}]}]}
{"op":"mcm","clk":"7848349171","pt":1540739869920,"mc":[{"id":"1.150321013","rc":[{"ltp":5.8,"id":4195870},{"ltp":1.2,"id":2251402}]}]}
{"op":"mcm","clk":"7848362648","pt":1540739929933,"mc":[{"id":"1.150321013","rc":[{"ltp":6.4,"id":4195870},{"ltp":1.19,"id":2251402}]}]}
{"op":"mcm","clk":"7848376020","pt":1540739989742,"mc":[{"id":"1.150321013","rc":[{"ltp":8.2,"id":4195870},{"ltp":1.14,"id":2251402}]}]}
{"op":"mcm","clk":"7848389402","pt":1540740049968,"mc":[{"id":"1.150321013","rc":[{"ltp":8.8,"id":4195870}]}]}
{"op":"mcm","clk":"7848402684","pt":1540740109744,"mc":[{"id":"1.150321013","rc":[{"ltp":6.0,"id":4195870},{"ltp":1.21,"id":2251402}]}]}
{"op":"mcm","clk":"7848415945","pt":1540740169953,"mc":[{"id":"1.150321013","rc":[{"ltp":5.6,"id":4195870},{"ltp":1.22,"id":2251402}]}]}
{"op":"mcm","clk":"7848438913","pt":1540740289596,"mc":[{"id":"1.150321013","rc":[{"ltp":5.5,"id":4195870}]}]}
{"op":"mcm","clk":"7848450098","pt":1540740349619,"mc":[{"id":"1.150321013","rc":[{"ltp":6.0,"id":4195870},{"ltp":1.2,"id":2251402}]}]}
{"op":"mcm","clk":"7848461872","pt":1540740409986,"mc":[{"id":"1.150321013","rc":[{"ltp":5.5,"id":4195870},{"ltp":1.22,"id":2251402}]}]}
{"op":"mcm","clk":"7848473310","pt":1540740469559,"mc":[{"id":"1.150321013","rc":[{"ltp":6.0,"id":4195870}]}]}
{"op":"mcm","clk":"7848484424","pt":1540740529336,"mc":[{"id":"1.150321013","rc":[{"ltp":5.3,"id":4195870},{"ltp":1.23,"id":2251402}]}]}
{"op":"mcm","clk":"7848496237","pt":1540740589915,"mc":[{"id":"1.150321013","rc":[{"ltp":7.4,"id":4195870},{"ltp":1.15,"id":2251402}]}]}
{"op":"mcm","clk":"7848507575","pt":1540740649764,"mc":[{"id":"1.150321013","rc":[{"ltp":15.5,"id":4195870},{"ltp":1.08,"id":2251402}]}]}
{"op":"mcm","clk":"7848519219","pt":1540740709241,"mc":[{"id":"1.150321013","rc":[{"ltp":15.0,"id":4195870},{"ltp":1.07,"id":2251402}]}]}
{"op":"mcm","clk":"7848541362","pt":1540740769916,"mc":[{"id":"1.150321013","rc":[{"ltp":17.5,"id":4195870}]}]}
{"op":"mcm","clk":"7848553546","pt":1540740829986,"mc":[{"id":"1.150321013","rc":[{"ltp":18.5,"id":4195870},{"ltp":1.05,"id":2251402}]}]}
{"op":"mcm","clk":"7848565765","pt":1540740889874,"mc":[{"id":"1.150321013","rc":[{"ltp":21.0,"id":4195870}]}]}
{"op":"mcm","clk":"7848578630","pt":1540740949970,"mc":[{"id":"1.150321013","rc":[{"ltp":18.0,"id":4195870},{"ltp":1.06,"id":2251402}]}]}
{"op":"mcm","clk":"7848591165","pt":1540741009936,"mc":[{"id":"1.150321013","rc":[{"ltp":25.0,"id":4195870},{"ltp":1.04,"id":2251402}]}]}
{"op":"mcm","clk":"7848603542","pt":1540741069851,"mc":[{"id":"1.150321013","rc":[{"ltp":18.5,"id":4195870},{"ltp":1.05,"id":2251402}]}]}
{"op":"mcm","clk":"7848615673","pt":1540741129415,"mc":[{"id":"1.150321013","rc":[{"ltp":21.0,"id":4195870}]}]}
{"op":"mcm","clk":"7848628252","pt":1540741189743,"mc":[{"id":"1.150321013","rc":[{"ltp":1.04,"id":2251402}]}]}
{"op":"mcm","clk":"7848640874","pt":1540741249773,"mc":[{"id":"1.150321013","rc":[{"ltp":110.0,"id":4195870},{"ltp":1.01,"id":2251402}]}]}
{"op":"mcm","clk":"7848653405","pt":1540741309932,"mc":[{"id":"1.150321013","rc":[{"ltp":120.0,"id":4195870}]}]}
{"op":"mcm","clk":"7848665347","pt":1540741369022,"mc":[{"id":"1.150321013","rc":[{"ltp":100.0,"id":4195870}]}]}
{"op":"mcm","clk":"7848678024","pt":1540741429772,"mc":[{"id":"1.150321013","rc":[{"ltp":120.0,"id":4195870}]}]}
{"op":"mcm","clk":"7848689862","pt":1540741489891,"mc":[{"id":"1.150321013","rc":[{"ltp":85.0,"id":4195870}]}]}
{"op":"mcm","clk":"7848701092","pt":1540741549760,"mc":[{"id":"1.150321013","rc":[{"ltp":80.0,"id":4195870},{"ltp":1.02,"id":2251402}]}]}
{"op":"mcm","clk":"7848711229","pt":1540741607761,"mc":[{"id":"1.150321013","marketDefinition":{"bspMarket":false,"turnInPlayEnabled":true,"persistenceEnabled":true,"marketBaseRate":5.0,"eventId":"28979871","eventTypeId":"2","numberOfWinners":1,"bettingType":"ODDS","marketType":"MATCH_ODDS","marketTime":"2018-10-28T13:52:00.000Z","suspendTime":"2018-10-28T13:52:00.000Z","bspReconciled":false,"complete":true,"inPlay":true,"crossMatching":true,"runnersVoidable":false,"numberOfActiveRunners":2,"betDelay":5,"status":"SUSPENDED","runners":[{"status":"ACTIVE","sortPriority":1,"id":2251402,"name":"Roger Federer"},{"status":"ACTIVE","sortPriority":2,"id":4195870,"name":"Marius Copil"}],"regulators":["MR_INT"],"countryCode":"CH","discountAllowed":true,"timezone":"UTC","openDate":"2018-10-28T13:52:00.000Z","version":2482740199,"name":"Match Odds","eventName":"18746112"},"rc":[{"ltp":100.0,"id":4195870},{"ltp":1.01,"id":2251402}]}]}
{"op":"mcm","clk":"7848739828","pt":1540741708066,"mc":[{"id":"1.150321013","marketDefinition":{"bspMarket":false,"turnInPlayEnabled":true,"persistenceEnabled":true,"marketBaseRate":5.0,"eventId":"28979871","eventTypeId":"2","numberOfWinners":1,"bettingType":"ODDS","marketType":"MATCH_ODDS","marketTime":"2018-10-28T13:52:00.000Z","suspendTime":"2018-10-28T13:52:00.000Z","bspReconciled":false,"complete":true,"inPlay":true,"crossMatching":false,"runnersVoidable":false,"numberOfActiveRunners":0,"betDelay":5,"status":"CLOSED","settledTime":"2018-10-28T15:47:33.000Z","runners":[{"status":"WINNER","sortPriority":1,"id":2251402,"name":"Roger Federer"},{"status":"LOSER","sortPriority":2,"id":4195870,"name":"Marius Copil"}],"regulators":["MR_INT"],"countryCode":"CH","discountAllowed":true,"timezone":"UTC","openDate":"2018-10-28T13:52:00.000Z","version":2482748928,"name":"Match Odds","eventName":"18746112"}}]}
