{"op":"mcm","clk":"7741491469","pt":1540479883943,"mc":[{"id":"1.150184052","marketDefinition":{"bspMarket":false,"turnInPlayEnabled":true,"persistenceEnabled":true,"marketBaseRate":5.0,"eventId":"28975576","eventTypeId":"2","numberOfWinners":1,"bettingType":"ODDS","marketType":"MATCH_ODDS","marketTime":"2018-10-26T11:00:00.000Z","suspendTime":"2018-10-26T11:00:00.000Z","bspReconciled":false,"complete":true,"inPlay":false,"crossMatching":true,"runnersVoidable":false,"numberOfActiveRunners":2,"betDelay":0,"status":"OPEN","runners":[{"status":"ACTIVE","sortPriority":1,"id":2609424,"name":"Mikhail Kukushkin"},{"status":"ACTIVE","sortPriority":2,"id":4827766,"name":"Marton Fucsovics"}],"regulators":["MR_INT"],"countryCode":"AT","discountAllowed":true,"timezone":"UTC","openDate":"2018-10-26T11:00:00.000Z","version":2475012292,"name":"Match Odds","eventName":"18714036"}}]}
{"op":"mcm","clk":"7742859614","pt":1540491291827,"mc":[{"id":"1.150184052","rc":[{"ltp":1.89,"id":4827766}]}]}
{"op":"mcm","clk":"7743011324","pt":1540492501988,"mc":[{"id":"1.150184052","rc":[{"ltp":2.12,"id":2609424}]}]}
{"op":"mcm","clk":"7743107258","pt":1540493159212,"mc":[{"id":"1.150184052","rc":[{"ltp":1.85,"id":4827766}]}]}
{"op":"mcm","clk":"7743244566","pt":1540494159987,"mc":[{"id":"1.150184052","rc":[{"ltp":2.14,"id":2609424}]}]}
{"op":"mcm","clk":"7743251158","pt":1540494206026,"mc":[{"id":"1.150184052","rc":[{"ltp":1.89,"id":4827766},{"ltp":2.08,"id":2609424}]}]}
{"op":"mcm","clk":"7743520294","pt":1540495791114,"mc":[{"id":"1.150184052","rc":[{"ltp":1.98,"id":4827766},{"ltp":2.02,"id":2609424}]}]}
{"op":"mcm","clk":"7743869970","pt":1540498181817,"mc":[{"id":"1.150184052","rc":[{"ltp":1.99,"id":2609424}]}]}
{"op":"mcm","clk":"7744113514","pt":1540499868172,"mc":[{"id":"1.150184052","rc":[{"ltp":2.02,"id":4827766},{"ltp":1.98,"id":2609424}]}]}
{"op":"mcm","clk":"7744120201","pt":1540499927660,"mc":[{"id":"1.150184052","rc":[{"ltp":2.06,"id":4827766},{"ltp":1.94,"id":2609424}]}]}
{"op":"mcm","clk":"7744263812","pt":1540501375224,"mc":[{"id":"1.150184052","rc":[{"ltp":2.02,"id":4827766}]}]}
{"op":"mcm","clk":"7744331034","pt":1540502270970,"mc":[{"id":"1.150184052","rc":[{"ltp":2.04,"id":4827766},{"ltp":1.97,"id":2609424}]}]}
{"op":"mcm","clk":"7744333803","pt":1540502314899,"mc":[{"id":"1.150184052","rc":[{"ltp":2.0,"id":4827766},{"ltp":1.99,"id":2609424}]}]}
{"op":"mcm","clk":"7744365758","pt":1540502565703,"mc":[{"id":"1.150184052","rc":[{"ltp":2.06,"id":4827766},{"ltp":1.94,"id":2609424}]}]}
{"op":"mcm","clk":"7744525647","pt":1540504942649,"mc":[{"id":"1.150184052","rc":[{"ltp":2.08,"id":4827766}]}]}
{"op":"mcm","clk":"7744556208","pt":1540505240073,"mc":[{"id":"1.150184052","rc":[{"ltp":2.06,"id":4827766},{"ltp":1.93,"id":2609424}]}]}
{"op":"mcm","clk":"7744634727","pt":1540506262792,"mc":[{"id":"1.150184052","rc":[{"ltp":2.1,"id":4827766}]}]}
{"op":"mcm","clk":"7744872338","pt":1540509227370,"mc":[{"id":"1.150184052","rc":[{"ltp":1.9,"id":2609424}]}]}
{"op":"mcm","clk":"7744953352","pt":1540510189927,"mc":[{"id":"1.150184052","rc":[{"ltp":2.06,"id":4827766},{"ltp":1.94,"id":2609424}]}]}
{"op":"mcm","clk":"7745024918","pt":1540511151091,"mc":[{"id":"1.150184052","rc":[{"ltp":2.1,"id":4827766},{"ltp":1.9,"id":2609424}]}]}
{"op":"mcm","clk":"7745524211","pt":1540517667871,"mc":[{"id":"1.150184052","rc":[{"ltp":1.89,"id":2609424}]}]}
{"op":"mcm","clk":"7745634311","pt":1540519608115,"mc":[{"id":"1.150184052","rc":[{"ltp":1.9,"id":2609424}]}]}
{"op":"mcm","clk":"7745654937","pt":1540519704810,"mc":[{"id":"1.150184052","rc":[{"ltp":1.94,"id":2609424}]}]}
{"op":"mcm","clk":"7745752748","pt":1540521245549,"mc":[{"id":"1.150184052","rc":[{"ltp":2.06,"id":4827766}]}]}
{"op":"mcm","clk":"7745949213","pt":1540524170441,"mc":[{"id":"1.150184052","rc":[{"ltp":1.93,"id":2609424}]}]}
{"op":"mcm","clk":"7746083078","pt":1540526509446,"mc":[{"id":"1.150184052","rc":[{"ltp":1.94,"id":2609424}]}]}
{"op":"mcm","clk":"7746116227","pt":1540527012387,"mc":[{"id":"1.150184052","rc":[{"ltp":1.93,"id":2609424}]}]}
{"op":"mcm","clk":"7746117533","pt":1540527053224,"mc":[{"id":"1.150184052","rc":[{"ltp":1.92,"id":2609424}]}]}
{"op":"mcm","clk":"7746132366","pt":1540527400225,"mc":[{"id":"1.150184052","rc":[{"ltp":2.08,"id":4827766}]}]}
{"op":"mcm","clk":"7746185807","pt":1540528184825,"mc":[{"id":"1.150184052","rc":[{"ltp":2.1,"id":4827766}]}]}
{"op":"mcm","clk":"7746309096","pt":1540530240314,"mc":[{"id":"1.150184052","rc":[{"ltp":1.9,"id":2609424}]}]}
{"op":"mcm","clk":"7746373271","pt":1540531290890,"mc":[{"id":"1.150184052","rc":[{"ltp":1.89,"id":2609424}]}]}
{"op":"mcm","clk":"7746396072","pt":1540531463972,"mc":[{"id":"1.150184052","rc":[{"ltp":2.12,"id":4827766}]}]}
{"op":"mcm","clk":"7746401598","pt":1540531594832,"mc":[{"id":"1.150184052","rc":[{"ltp":2.1,"id":4827766},{"ltp":1.9,"id":2609424}]}]}
{"op":"mcm","clk":"7746412221","pt":1540531836163,"mc":[{"id":"1.150184052","rc":[{"ltp":1.88,"id":2609424}]}]}
{"op":"mcm","clk":"7746415447","pt":1540531901115,"mc":[{"id":"1.150184052","rc":[{"ltp":2.08,"id":4827766},{"ltp":1.89,"id":2609424}]}]}
{"op":"mcm","clk":"7746469916","pt":1540532880690,"mc":[{"id":"1.150184052","rc":[{"ltp":1.92,"id":2609424}]}]}
{"op":"mcm","clk":"7746495302","pt":1540533156923,"mc":[{"id":"1.150184052","rc":[{"ltp":1.87,"id":2609424}]}]}
{"op":"mcm","clk":"7746563691","pt":1540534191742,"mc":[{"id":"1.150184052","rc":[{"ltp":2.14,"id":4827766}]}]}
{"op":"mcm","clk":"7746625673","pt":1540535277842,"mc":[{"id":"1.150184052","rc":[{"ltp":1.86,"id":2609424}]}]}
{"op":"mcm","clk":"7746675706","pt":1540536231648,"mc":[{"id":"1.150184052","rc":[{"ltp":2.16,"id":4827766}]}]}
{"op":"mcm","clk":"7746721801","pt":1540536951646,"mc":[{"id":"1.150184052","rc":[{"ltp":2.14,"id":4827766}]}]}
{"op":"mcm","clk":"7746725642","pt":1540537070468,"mc":[{"id":"1.150184052","rc":[{"ltp":2.18,"id":4827766},{"ltp":1.82,"id":2609424}]}]}
{"op":"mcm","clk":"7746741997","pt":1540537464467,"mc":[{"id":"1.150184052","rc":[{"ltp":1.84,"id":2609424}]}]}
{"op":"mcm","clk":"7746791715","pt":1540538188827,"mc":[{"id":"1.150184052","rc":[{"ltp":1.83,"id":2609424}]}]}
{"op":"mcm","clk":"7746835038","pt":1540538871432,"mc":[{"id":"1.150184052","rc":[{"ltp":2.2,"id":4827766}]}]}
{"op":"mcm","clk":"7746908467","pt":1540540097281,"mc":[{"id":"1.150184052","rc":[{"ltp":2.18,"id":4827766}]}]}
{"op":"mcm","clk":"7746941149","pt":1540540480799,"mc":[{"id":"1.150184052","rc":[{"ltp":1.84,"id":2609424}]}]}
{"op":"mcm","clk":"7746942303","pt":1540540508800,"mc":[{"id":"1.150184052","rc":[{"ltp":1.83,"id":2609424}]}]}
{"op":"mcm","clk":"7746946733","pt":1540540610575,"mc":[{"id":"1.150184052","rc":[{"ltp":1.84,"id":2609424}]}]}
{"op":"mcm","clk":"7746970261","pt":1540541000729,"mc":[{"id":"1.150184052","rc":[{"ltp":2.14,"id":4827766},{"ltp":1.87,"id":2609424}]}]}
{"op":"mcm","clk":"7746976801","pt":1540541086537,"mc":[{"id":"1.150184052","rc":[{"ltp":1.88,"id":2609424}]}]}
{"op":"mcm","clk":"7746980903","pt":1540541151865,"mc":[{"id":"1.150184052","rc":[{"ltp":1.87,"id":2609424}]}]}
{"op":"mcm","clk":"7746982551","pt":1540541180654,"mc":[{"id":"1.150184052","rc":[{"ltp":1.86,"id":2609424}]}]}
{"op":"mcm","clk":"7747010484","pt":1540541380699,"mc":[{"id":"1.150184052","rc":[{"ltp":1.85,"id":2609424}]}]}
{"op":"mcm","clk":"7747035214","pt":1540541745150,"mc":[{"id":"1.150184052","rc":[{"ltp":2.16,"id":4827766},{"ltp":1.87,"id":2609424}]}]}
{"op":"mcm","clk":"7747041568","pt":1540541852696,"mc":[{"id":"1.150184052","rc":[{"ltp":2.14,"id":4827766}]}]}
{"op":"mcm","clk":"7747082009","pt":1540542350484,"mc":[{"id":"1.150184052","rc":[{"ltp":1.89,"id":2609424}]}]}
{"op":"mcm","clk":"7747094247","pt":1540542588438,"mc":[{"id":"1.150184052","rc":[{"ltp":1.87,"id":2609424}]}]}
{"op":"mcm","clk":"7747176215","pt":1540543698025,"mc":[{"id":"1.150184052","rc":[{"ltp":2.12,"id":4827766}]}]}
{"op":"mcm","clk":"7747237862","pt":1540544511804,"mc":[{"id":"1.150184052","rc":[{"ltp":2.1,"id":4827766},{"ltp":1.91,"id":2609424}]}]}
{"op":"mcm","clk":"7747242372","pt":1540544571414,"mc":[{"id":"1.150184052","rc":[{"ltp":2.08,"id":4827766},{"ltp":1.92,"id":2609424}]}]}
{"op":"mcm","clk":"7747280089","pt":1540544863005,"mc":[{"id":"1.150184052","rc":[{"ltp":1.91,"id":2609424}]}]}
{"op":"mcm","clk":"7747293104","pt":1540545050540,"mc":[{"id":"1.150184052","rc":[{"ltp":1.89,"id":2609424}]}]}
{"op":"mcm","clk":"7747311483","pt":1540545338331,"mc":[{"id":"1.150184052","rc":[{"ltp":2.1,"id":4827766}]}]}
{"op":"mcm","clk":"7747319550","pt":1540545463602,"mc":[{"id":"1.150184052","rc":[{"ltp":1.9,"id":2609424}]}]}
{"op":"mcm","clk":"7747364659","pt":1540545907233,"mc":[{"id":"1.150184052","rc":[{"ltp":1.89,"id":2609424}]}]}
{"op":"mcm","clk":"7747373651","pt":1540546046902,"mc":[{"id":"1.150184052","rc":[{"ltp":2.12,"id":4827766}]}]}
{"op":"mcm","clk":"7747380124","pt":1540546131269,"mc":[{"id":"1.150184052","rc":[{"ltp":1.88,"id":2609424}]}]}
{"op":"mcm","clk":"7747393780","pt":1540546302486,"mc":[{"id":"1.150184052","rc":[{"ltp":1.87,"id":2609424}]}]}
{"op":"mcm","clk":"7747405109","pt":1540546429270,"mc":[{"id":"1.150184052","rc":[{"ltp":1.89,"id":2609424}]}]}
{"op":"mcm","clk":"7747446157","pt":1540546753345,"mc":[{"id":"1.150184052","rc":[{"ltp":1.87,"id":2609424}]}]}
{"op":"mcm","clk":"7747470120","pt":1540547087497,"mc":[{"id":"1.150184052","rc":[{"ltp":1.89,"id":2609424}]}]}
{"op":"mcm","clk":"7747474069","pt":1540547140767,"mc":[{"id":"1.150184052","rc":[{"ltp":1.88,"id":2609424}]}]}
{"op":"mcm","clk":"7747484604","pt":1540547313403,"mc":[{"id":"1.150184052","rc":[{"ltp":2.14,"id":4827766}]}]}
{"op":"mcm","clk":"7747488851","pt":1540547391692,"mc":[{"id":"1.150184052","rc":[{"ltp":1.87,"id":2609424}]}]}
{"op":"mcm","clk":"7747492185","pt":1540547451097,"mc":[{"id":"1.150184052","rc":[{"ltp":1.86,"id":2609424}]}]}
{"op":"mcm","clk":"7747518602","pt":1540547630539,"mc":[{"id":"1.150184052","rc":[{"ltp":2.18,"id":4827766}]}]}
{"op":"mcm","clk":"7747540911","pt":1540547991633,"mc":[{"id":"1.150184052","rc":[{"ltp":2.16,"id":4827766}]}]}
{"op":"mcm","clk":"7747574095","pt":1540548396833,"mc":[{"id":"1.150184052","rc":[{"ltp":1.87,"id":2609424}]}]}
{"op":"mcm","clk":"7747593073","pt":1540548444469,"mc":[{"id":"1.150184052","rc":[{"ltp":1.86,"id":2609424}]}]}
{"op":"mcm","clk":"7747606084","pt":1540548589988,"mc":[{"id":"1.150184052","rc":[{"ltp":1.87,"id":2609424}]}]}
{"op":"mcm","clk":"7747615613","pt":1540548645668,"mc":[{"id":"1.150184052","rc":[{"ltp":1.85,"id":2609424}]}]}
{"op":"mcm","clk":"7747620644","pt":1540548700760,"mc":[{"id":"1.150184052","rc":[{"ltp":1.87,"id":2609424}]}]}
{"op":"mcm","clk":"7747631549","pt":1540548830889,"mc":[{"id":"1.150184052","rc":[{"ltp":2.18,"id":4827766},{"ltp":1.84,"id":2609424}]}]}
{"op":"mcm","clk":"7747635316","pt":1540548881959,"mc":[{"id":"1.150184052","rc":[{"ltp":2.2,"id":4827766},{"ltp":1.82,"id":2609424}]}]}
{"op":"mcm","clk":"7747640484","pt":1540548950914,"mc":[{"id":"1.150184052","rc":[{"ltp":2.22,"id":4827766}]}]}
{"op":"mcm","clk":"7747644696","pt":1540549006494,"mc":[{"id":"1.150184052","rc":[{"ltp":2.2,"id":4827766},{"ltp":1.83,"id":2609424}]}]}
{"op":"mcm","clk":"7747657649","pt":1540549172364,"mc":[{"id":"1.150184052","rc":[{"ltp":2.18,"id":4827766},{"ltp":1.84,"id":2609424}]}]}
{"op":"mcm","clk":"7747668184","pt":1540549305978,"mc":[{"id":"1.150184052","rc":[{"ltp":2.16,"id":4827766}]}]}
{"op":"mcm","clk":"7747687502","pt":1540549354294,"mc":[{"id":"1.150184052","rc":[{"ltp":1.85,"id":2609424}]}]}
{"op":"mcm","clk":"7747693404","pt":1540549425093,"mc":[{"id":"1.150184052","rc":[{"ltp":2.18,"id":4827766}]}]}
{"op":"mcm","clk":"7747707405","pt":1540549588128,"mc":[{"id":"1.150184052","rc":[{"ltp":1.84,"id":2609424}]}]}
{"op":"mcm","clk":"7747722825","pt":1540549789634,"mc":[{"id":"1.150184052","rc":[{"ltp":1.85,"id":2609424}]}]}
{"op":"mcm","clk":"7747727811","pt":1540549850734,"mc":[{"id":"1.150184052","rc":[{"ltp":2.16,"id":4827766}]}]}
{"op":"mcm","clk":"7747732478","pt":1540549905985,"mc":[{"id":"1.150184052","rc":[{"ltp":1.84,"id":2609424}]}]}
{"op":"mcm","clk":"7747742259","pt":1540550021069,"mc":[{"id":"1.150184052","rc":[{"ltp":1.85,"id":2609424}]}]}
{"op":"mcm","clk":"7747747588","pt":1540550089785,"mc":[{"id":"1.150184052","rc":[{"ltp":1.84,"id":2609424}]}]}
{"op":"mcm","clk":"7747775795","pt":1540550257977,"mc":[{"id":"1.150184052","rc":[{"ltp":1.83,"id":2609424}]}]}
{"op":"mcm","clk":"7747784934","pt":1540550369031,"mc":[{"id":"1.150184052","rc":[{"ltp":1.84,"id":2609424}]}]}
{"op":"mcm","clk":"7747796662","pt":1540550502305,"mc":[{"id":"1.150184052","rc":[{"ltp":2.18,"id":4827766}]}]}
{"op":"mcm","clk":"7747801568","pt":1540550567344,"mc":[{"id":"1.150184052","rc":[{"ltp":2.2,"id":4827766},{"ltp":1.83,"id":2609424}]}]}
{"op":"mcm","clk":"7747804078","pt":1540550601218,"mc":[{"id":"1.150184052","rc":[{"ltp":2.18,"id":4827766}]}]}
{"op":"mcm","clk":"7747808375","pt":1540550660026,"mc":[{"id":"1.150184052","rc":[{"ltp":2.2,"id":4827766}]}]}
{"op":"mcm","clk":"7747815461","pt":1540550749687,"mc":[{"id":"1.150184052","rc":[{"ltp":1.84,"id":2609424}]}]}
{"op":"mcm","clk":"7747825361","pt":1540550871547,"mc":[{"id":"1.150184052","rc":[{"ltp":1.83,"id":2609424}]}]}
{"op":"mcm","clk":"7747830692","pt":1540550930686,"mc":[{"id":"1.150184052","marketDefinition":{"bspMarket":false,"turnInPlayEnabled":true,"persistenceEnabled":true,"marketBaseRate":5.0,"eventId":"28975576","eventTypeId":"2","numberOfWinners":1,"bettingType":"ODDS","marketType":"MATCH_ODDS","marketTime":"2018-10-26T10:43:00.000Z","suspendTime":"2018-10-26T10:43:00.000Z","bspReconciled":false,"complete":true,"inPlay":false,"crossMatching":true,"runnersVoidable":false,"numberOfActiveRunners":2,"betDelay":0,"status":"OPEN","runners":[{"status":"ACTIVE","sortPriority":1,"id":2609424,"name":"Mikhail Kukushkin"},{"status":"ACTIVE","sortPriority":2,"id":4827766,"name":"Marton Fucsovics"}],"regulators":["MR_INT"],"countryCode":"AT","discountAllowed":true,"timezone":"UTC","openDate":"2018-10-26T10:43:00.000Z","version":2475969075,"name":"Match Odds","eventName":"18714036"}}]}
{"op":"mcm","clk":"7747835688","pt":1540550991759,"mc":[{"id":"1.150184052","rc":[{"ltp":2.22,"id":4827766},{"ltp":1.82,"id":2609424}]}]}
{"op":"mcm","clk":"7747839876","pt":1540551044536,"mc":[{"id":"1.150184052","rc":[{"ltp":2.2,"id":4827766}]}]}
{"op":"mcm","clk":"7747845114","pt":1540551107816,"mc":[{"id":"1.150184052","rc":[{"ltp":1.81,"id":2609424}]}]}
{"op":"mcm","clk":"7747864779","pt":1540551160385,"mc":[{"id":"1.150184052","rc":[{"ltp":1.82,"id":2609424}]}]}
{"op":"mcm","clk":"7747870431","pt":1540551231717,"mc":[{"id":"1.150184052","rc":[{"ltp":2.24,"id":4827766},{"ltp":1.79,"id":2609424}]}]}
{"op":"mcm","clk":"7747874743","pt":1540551289142,"mc":[{"id":"1.150184052","rc":[{"ltp":1.8,"id":2609424}]}]}
{"op":"mcm","clk":"7747888811","pt":1540551471586,"mc":[{"id":"1.150184052","rc":[{"ltp":2.28,"id":4827766},{"ltp":1.77,"id":2609424}]}]}
{"op":"mcm","clk":"7747892155","pt":1540551531790,"mc":[{"id":"1.150184052","rc":[{"ltp":1.78,"id":2609424}]}]}
{"op":"mcm","clk":"7747895746","pt":1540551589814,"mc":[{"id":"1.150184052","rc":[{"ltp":2.26,"id":4827766},{"ltp":1.77,"id":2609424}]}]}
{"op":"mcm","clk":"7747900215","pt":1540551646665,"mc":[{"id":"1.150184052","rc":[{"ltp":2.28,"id":4827766}]}]}
{"op":"mcm","clk":"7747904712","pt":1540551704095,"mc":[{"id":"1.150184052","rc":[{"ltp":2.26,"id":4827766},{"ltp":1.78,"id":2609424}]}]}
{"op":"mcm","clk":"7747910137","pt":1540551771862,"mc":[{"id":"1.150184052","rc":[{"ltp":1.79,"id":2609424}]}]}
{"op":"mcm","clk":"7747914832","pt":1540551831703,"mc":[{"id":"1.150184052","rc":[{"ltp":2.28,"id":4827766},{"ltp":1.77,"id":2609424}]}]}
{"op":"mcm","clk":"7747919418","pt":1540551891232,"mc":[{"id":"1.150184052","rc":[{"ltp":1.78,"id":2609424}]}]}
{"op":"mcm","clk":"7747923707","pt":1540551950597,"mc":[{"id":"1.150184052","rc":[{"ltp":2.26,"id":4827766},{"ltp":1.79,"id":2609424}]}]}
{"op":"mcm","clk":"7747954428","pt":1540552131811,"mc":[{"id":"1.150184052","rc":[{"ltp":2.22,"id":4827766},{"ltp":1.82,"id":2609424}]}]}
{"op":"mcm","clk":"7747960169","pt":1540552189579,"mc":[{"id":"1.150184052","rc":[{"ltp":2.2,"id":4827766},{"ltp":1.83,"id":2609424}]}]}
{"op":"mcm","clk":"7747966278","pt":1540552251072,"mc":[{"id":"1.150184052","rc":[{"ltp":2.22,"id":4827766}]}]}
{"op":"mcm","clk":"7747971797","pt":1540552311500,"mc":[{"id":"1.150184052","marketDefinition":{"bspMarket":false,"turnInPlayEnabled":true,"persistenceEnabled":true,"marketBaseRate":5.0,"eventId":"28975576","eventTypeId":"2","numberOfWinners":1,"bettingType":"ODDS","marketType":"MATCH_ODDS","marketTime":"2018-10-26T10:43:00.000Z","suspendTime":"2018-10-26T10:43:00.000Z","bspReconciled":false,"complete":true,"inPlay":true,"crossMatching":true,"runnersVoidable":false,"numberOfActiveRunners":2,"betDelay":5,"status":"OPEN","runners":[{"status":"ACTIVE","sortPriority":1,"id":2609424,"name":"Mikhail Kukushkin"},{"status":"ACTIVE","sortPriority":2,"id":4827766,"name":"Marton Fucsovics"}],"regulators":["MR_INT"],"countryCode":"AT","discountAllowed":true,"timezone":"UTC","openDate":"2018-10-26T10:43:00.000Z","version":2476000835,"name":"Match Odds","eventName":"18714036"},"rc":[{"ltp":2.38,"id":4827766},{"ltp":1.72,"id":2609424}]}]}
{"op":"mcm","clk":"7747976731","pt":1540552371611,"mc":[{"id":"1.150184052","rc":[{"ltp":2.5,"id":4827766},{"ltp":1.66,"id":2609424}]}]}
{"op":"mcm","clk":"7747981854","pt":1540552431769,"mc":[{"id":"1.150184052","rc":[{"ltp":2.68,"id":4827766},{"ltp":1.58,"id":2609424}]}]}
{"op":"mcm","clk":"7747986830","pt":1540552491364,"mc":[{"id":"1.150184052","rc":[{"ltp":3.1,"id":4827766},{"ltp":1.46,"id":2609424}]}]}
{"op":"mcm","clk":"7747992019","pt":1540552551775,"mc":[{"id":"1.150184052","rc":[{"ltp":2.6,"id":4827766},{"ltp":1.63,"id":2609424}]}]}
{"op":"mcm","clk":"7747997022","pt":1540552611835,"mc":[{"id":"1.150184052","rc":[{"ltp":2.38,"id":4827766},{"ltp":1.71,"id":2609424}]}]}
{"op":"mcm","clk":"7748002129","pt":1540552671784,"mc":[{"id":"1.150184052","rc":[{"ltp":2.24,"id":4827766},{"ltp":1.76,"id":2609424}]}]}
{"op":"mcm","clk":"7748007132","pt":1540552731812,"mc":[{"id":"1.150184052","rc":[{"ltp":2.28,"id":4827766},{"ltp":1.69,"id":2609424}]}]}
{"op":"mcm","clk":"7748011958","pt":1540552791537,"mc":[{"id":"1.150184052","rc":[{"ltp":2.6,"id":4827766},{"ltp":1.63,"id":2609424}]}]}
{"op":"mcm","clk":"7748016869","pt":1540552851079,"mc":[{"id":"1.150184052","rc":[{"ltp":2.56,"id":4827766},{"ltp":1.64,"id":2609424}]}]}
{"op":"mcm","clk":"7748021872","pt":1540552911862,"mc":[{"id":"1.150184052","rc":[{"ltp":2.44,"id":4827766},{"ltp":1.69,"id":2609424}]}]}
{"op":"mcm","clk":"7748042240","pt":1540552971485,"mc":[{"id":"1.150184052","rc":[{"ltp":2.64,"id":4827766},{"ltp":1.61,"id":2609424}]}]}
{"op":"mcm","clk":"7748046546","pt":1540553030729,"mc":[{"id":"1.150184052","rc":[{"ltp":2.66,"id":4827766},{"ltp":1.6,"id":2609424}]}]}
{"op":"mcm","clk":"7748051773","pt":1540553091696,"mc":[{"id":"1.150184052","rc":[{"ltp":2.42,"id":4827766},{"ltp":1.71,"id":2609424}]}]}
{"op":"mcm","clk":"7748057387","pt":1540553150770,"mc":[{"id":"1.150184052","rc":[{"ltp":2.34,"id":4827766},{"ltp":1.74,"id":2609424}]}]}
{"op":"mcm","clk":"7748062468","pt":1540553211581,"mc":[{"id":"1.150184052","rc":[{"ltp":2.36,"id":4827766},{"ltp":1.75,"id":2609424}]}]}
{"op":"mcm","clk":"7748067444","pt":1540553271805,"mc":[{"id":"1.150184052","rc":[{"ltp":2.3,"id":4827766},{"ltp":1.78,"id":2609424}]}]}
{"op":"mcm","clk":"7748072602","pt":1540553331491,"mc":[{"id":"1.150184052","rc":[{"ltp":2.16,"id":4827766},{"ltp":1.83,"id":2609424}]}]}
{"op":"mcm","clk":"7748078429","pt":1540553390230,"mc":[{"id":"1.150184052","rc":[{"ltp":1.93,"id":4827766},{"ltp":2.08,"id":2609424}]}]}
{"op":"mcm","clk":"7748084652","pt":1540553451733,"mc":[{"id":"1.150184052","rc":[{"ltp":1.71,"id":4827766},{"ltp":2.42,"id":2609424}]}]}
{"op":"mcm","clk":"7748091310","pt":1540553511792,"mc":[{"id":"1.150184052","rc":[{"ltp":1.72,"id":4827766},{"ltp":2.38,"id":2609424}]}]}
{"op":"mcm","clk":"7748098194","pt":1540553571798,"mc":[{"id":"1.150184052","rc":[{"ltp":1.62,"id":4827766},{"ltp":2.62,"id":2609424}]}]}
{"op":"mcm","clk":"7748104556","pt":1540553631760,"mc":[{"id":"1.150184052","rc":[{"ltp":1.75,"id":4827766},{"ltp":2.3,"id":2609424}]}]}
{"op":"mcm","clk":"7748110270","pt":1540553691860,"mc":[{"id":"1.150184052","rc":[{"ltp":1.96,"id":4827766},{"ltp":2.06,"id":2609424}]}]}
{"op":"mcm","clk":"7748115515","pt":1540553751791,"mc":[{"id":"1.150184052","rc":[{"ltp":1.66,"id":4827766},{"ltp":2.46,"id":2609424}]}]}
{"op":"mcm","clk":"7748120369","pt":1540553811357,"mc":[{"id":"1.150184052","rc":[{"ltp":1.78,"id":4827766},{"ltp":2.26,"id":2609424}]}]}
{"op":"mcm","clk":"7748141347","pt":1540553871523,"mc":[{"id":"1.150184052","rc":[{"ltp":2.02,"id":4827766},{"ltp":1.93,"id":2609424}]}]}
{"op":"mcm","clk":"7748146781","pt":1540553931812,"mc":[{"id":"1.150184052","rc":[{"ltp":1.82,"id":4827766},{"ltp":2.22,"id":2609424}]}]}
{"op":"mcm","clk":"7748153048","pt":1540553991487,"mc":[{"id":"1.150184052","rc":[{"ltp":2.12,"id":4827766},{"ltp":1.89,"id":2609424}]}]}
{"op":"mcm","clk":"7748159371","pt":1540554051474,"mc":[{"id":"1.150184052","rc":[{"ltp":1.88,"id":4827766},{"ltp":1.77,"id":2609424}]}]}
{"op":"mcm","clk":"7748165239","pt":1540554111791,"mc":[{"id":"1.150184052","rc":[{"ltp":1.73,"id":4827766},{"ltp":2.38,"id":2609424}]}]}
{"op":"mcm","clk":"7748170173","pt":1540554171673,"mc":[{"id":"1.150184052","rc":[{"ltp":1.67,"id":4827766},{"ltp":2.5,"id":2609424}]}]}
{"op":"mcm","clk":"7748175051","pt":1540554231871,"mc":[{"id":"1.150184052","rc":[{"ltp":1.7,"id":4827766},{"ltp":2.42,"id":2609424}]}]}
{"op":"mcm","clk":"7748179806","pt":1540554291782,"mc":[{"id":"1.150184052","rc":[{"ltp":1.68,"id":4827766},{"ltp":2.46,"id":2609424}]}]}
{"op":"mcm","clk":"7748185465","pt":1540554351644,"mc":[{"id":"1.150184052","rc":[{"ltp":1.69,"id":4827766}]}]}
{"op":"mcm","clk":"7748191466","pt":1540554411600,"mc":[{"id":"1.150184052","rc":[{"ltp":1.71,"id":4827766},{"ltp":2.42,"id":2609424}]}]}
{"op":"mcm","clk":"7748196698","pt":1540554471617,"mc":[{"id":"1.150184052","rc":[{"ltp":2.4,"id":2609424}]}]}
{"op":"mcm","clk":"7748201520","pt":1540554531807,"mc":[{"id":"1.150184052","rc":[{"ltp":1.66,"id":4827766},{"ltp":2.54,"id":2609424}]}]}
{"op":"mcm","clk":"7748205694","pt":1540554591044,"mc":[{"id":"1.150184052","rc":[{"ltp":1.72,"id":4827766},{"ltp":2.36,"id":2609424}]}]}
{"op":"mcm","clk":"7748209809","pt":1540554651444,"mc":[{"id":"1.150184052","rc":[{"ltp":1.91,"id":4827766},{"ltp":2.08,"id":2609424}]}]}
{"op":"mcm","clk":"7748214362","pt":1540554711759,"mc":[{"id":"1.150184052","rc":[{"ltp":1.77,"id":4827766},{"ltp":2.32,"id":2609424}]}]}
{"op":"mcm","clk":"7748234714","pt":1540554771403,"mc":[{"id":"1.150184052","rc":[{"ltp":2.0,"id":4827766},{"ltp":2.0,"id":2609424}]}]}
{"op":"mcm","clk":"7748239594","pt":1540554831832,"mc":[{"id":"1.150184052","rc":[{"ltp":1.78,"id":4827766},{"ltp":2.3,"id":2609424}]}]}
{"op":"mcm","clk":"7748244119","pt":1540554891843,"mc":[{"id":"1.150184052","rc":[{"ltp":2.02,"id":4827766},{"ltp":1.99,"id":2609424}]}]}
{"op":"mcm","clk":"7748249265","pt":1540554951860,"mc":[{"id":"1.150184052","rc":[{"ltp":2.06,"id":4827766},{"ltp":1.95,"id":2609424}]}]}
{"op":"mcm","clk":"7748254820","pt":1540555011685,"mc":[{"id":"1.150184052","rc":[{"ltp":1.69,"id":4827766},{"ltp":2.28,"id":2609424}]}]}
{"op":"mcm","clk":"7748259716","pt":1540555071677,"mc":[{"id":"1.150184052","rc":[{"ltp":1.62,"id":4827766},{"ltp":2.62,"id":2609424}]}]}
{"op":"mcm","clk":"7748265450","pt":1540555131087,"mc":[{"id":"1.150184052","rc":[{"ltp":1.6,"id":4827766},{"ltp":2.66,"id":2609424}]}]}
{"op":"mcm","clk":"7748278501","pt":1540555250368,"mc":[{"id":"1.150184052","rc":[{"ltp":1.62,"id":4827766},{"ltp":2.56,"id":2609424}]}]}
{"op":"mcm","clk":"7748285277","pt":1540555309887,"mc":[{"id":"1.150184052","rc":[{"ltp":1.65,"id":4827766},{"ltp":2.54,"id":2609424}]}]}
{"op":"mcm","clk":"7748298440","pt":1540555431412,"mc":[{"id":"1.150184052","rc":[{"ltp":1.59,"id":4827766},{"ltp":2.7,"id":2609424}]}]}
{"op":"mcm","clk":"7748304428","pt":1540555491673,"mc":[{"id":"1.150184052","rc":[{"ltp":2.76,"id":2609424}]}]}
{"op":"mcm","clk":"7748310338","pt":1540555551699,"mc":[{"id":"1.150184052","rc":[{"ltp":1.48,"id":4827766},{"ltp":3.05,"id":2609424}]}]}
{"op":"mcm","clk":"7748337235","pt":1540555671821,"mc":[{"id":"1.150184052","rc":[{"ltp":1.49,"id":4827766}]}]}
{"op":"mcm","clk":"7748343082","pt":1540555731821,"mc":[{"id":"1.150184052","rc":[{"ltp":1.42,"id":4827766},{"ltp":3.2,"id":2609424}]}]}
{"op":"mcm","clk":"7748350263","pt":1540555791589,"mc":[{"id":"1.150184052","rc":[{"ltp":1.38,"id":4827766},{"ltp":3.9,"id":2609424}]}]}
{"op":"mcm","clk":"7748358229","pt":1540555851706,"mc":[{"id":"1.150184052","rc":[{"ltp":1.51,"id":4827766},{"ltp":2.96,"id":2609424}]}]}
{"op":"mcm","clk":"7748365687","pt":1540555911635,"mc":[{"id":"1.150184052","rc":[{"ltp":1.55,"id":4827766},{"ltp":2.78,"id":2609424}]}]}
{"op":"mcm","clk":"7748372153","pt":1540555971831,"mc":[{"id":"1.150184052","rc":[{"ltp":1.63,"id":4827766},{"ltp":2.52,"id":2609424}]}]}
{"op":"mcm","clk":"7748378770","pt":1540556031258,"mc":[{"id":"1.150184052","rc":[{"ltp":1.59,"id":4827766},{"ltp":2.72,"id":2609424}]}]}
{"op":"mcm","clk":"7748385074","pt":1540556091720,"mc":[{"id":"1.150184052","rc":[{"ltp":1.48,"id":4827766},{"ltp":2.92,"id":2609424}]}]}
{"op":"mcm","clk":"7748391210","pt":1540556151657,"mc":[{"id":"1.150184052","rc":[{"ltp":1.45,"id":4827766},{"ltp":3.2,"id":2609424}]}]}
{"op":"mcm","clk":"7748396715","pt":1540556211390,"mc":[{"id":"1.150184052","rc":[{"ltp":1.49,"id":4827766},{"ltp":3.0,"id":2609424}]}]}
{"op":"mcm","clk":"7748402280","pt":1540556271742,"mc":[{"id":"1.150184052","rc":[{"ltp":1.36,"id":4827766},{"ltp":3.25,"id":2609424}]}]}
{"op":"mcm","clk":"7748407938","pt":1540556331641,"mc":[{"id":"1.150184052","rc":[{"ltp":1.49,"id":4827766},{"ltp":3.05,"id":2609424}]}]}
{"op":"mcm","clk":"7748413569","pt":1540556391584,"mc":[{"id":"1.150184052","rc":[{"ltp":1.41,"id":4827766},{"ltp":3.4,"id":2609424}]}]}
{"op":"mcm","clk":"7748420428","pt":1540556451803,"mc":[{"id":"1.150184052","rc":[{"ltp":1.42,"id":4827766},{"ltp":3.45,"id":2609424}]}]}
{"op":"mcm","clk":"7748427285","pt":1540556511509,"mc":[{"id":"1.150184052","rc":[{"ltp":1.52,"id":4827766},{"ltp":2.92,"id":2609424}]}]}
{"op":"mcm","clk":"7748449771","pt":1540556571415,"mc":[{"id":"1.150184052","rc":[{"ltp":1.51,"id":4827766}]}]}
{"op":"mcm","clk":"7748457199","pt":1540556631546,"mc":[{"id":"1.150184052","rc":[{"ltp":1.52,"id":4827766},{"ltp":2.94,"id":2609424}]}]}
{"op":"mcm","clk":"7748464566","pt":1540556691668,"mc":[{"id":"1.150184052","rc":[{"ltp":1.62,"id":4827766},{"ltp":2.62,"id":2609424}]}]}
{"op":"mcm","clk":"7748471481","pt":1540556751273,"mc":[{"id":"1.150184052","rc":[{"ltp":1.55,"id":4827766},{"ltp":2.84,"id":2609424}]}]}
{"op":"mcm","clk":"7748479559","pt":1540556811427,"mc":[{"id":"1.150184052","rc":[{"ltp":1.56,"id":4827766},{"ltp":2.78,"id":2609424}]}]}
{"op":"mcm","clk":"7748486658","pt":1540556871607,"mc":[{"id":"1.150184052","rc":[{"ltp":1.43,"id":4827766},{"ltp":3.05,"id":2609424}]}]}
{"op":"mcm","clk":"7748493469","pt":1540556931554,"mc":[{"id":"1.150184052","rc":[{"ltp":1.36,"id":4827766},{"ltp":3.75,"id":2609424}]}]}
{"op":"mcm","clk":"7748500120","pt":1540556991822,"mc":[{"id":"1.150184052","rc":[{"ltp":1.33,"id":4827766},{"ltp":4.1,"id":2609424}]}]}
{"op":"mcm","clk":"7748507688","pt":1540557051684,"mc":[{"id":"1.150184052","rc":[{"ltp":1.3,"id":4827766},{"ltp":4.5,"id":2609424}]}]}
{"op":"mcm","clk":"7748516024","pt":1540557111793,"mc":[{"id":"1.150184052","rc":[{"ltp":1.46,"id":4827766},{"ltp":3.2,"id":2609424}]}]}
{"op":"mcm","clk":"7748524213","pt":1540557171784,"mc":[{"id":"1.150184052","rc":[{"ltp":1.53,"id":4827766},{"ltp":2.94,"id":2609424}]}]}
{"op":"mcm","clk":"7748531810","pt":1540557231334,"mc":[{"id":"1.150184052","rc":[{"ltp":1.51,"id":4827766},{"ltp":2.92,"id":2609424}]}]}
{"op":"mcm","clk":"7748538615","pt":1540557291248,"mc":[{"id":"1.150184052","rc":[{"ltp":1.47,"id":4827766},{"ltp":2.96,"id":2609424}]}]}
{"op":"mcm","clk":"7748546283","pt":1540557351391,"mc":[{"id":"1.150184052","rc":[{"ltp":1.46,"id":4827766},{"ltp":3.1,"id":2609424}]}]}
{"op":"mcm","clk":"7748553102","pt":1540557411317,"mc":[{"id":"1.150184052","rc":[{"ltp":1.55,"id":4827766},{"ltp":2.8,"id":2609424}]}]}
{"op":"mcm","clk":"7748575825","pt":1540557471843,"mc":[{"id":"1.150184052","rc":[{"ltp":1.42,"id":4827766},{"ltp":3.35,"id":2609424}]}]}
{"op":"mcm","clk":"7748582828","pt":1540557531847,"mc":[{"id":"1.150184052","rc":[{"ltp":1.49,"id":4827766},{"ltp":3.05,"id":2609424}]}]}
{"op":"mcm","clk":"7748589668","pt":1540557591841,"mc":[{"id":"1.150184052","rc":[{"ltp":1.56,"id":4827766},{"ltp":2.76,"id":2609424}]}]}
{"op":"mcm","clk":"7748605185","pt":1540557710821,"mc":[{"id":"1.150184052","rc":[{"ltp":1.57,"id":4827766},{"ltp":2.78,"id":2609424}]}]}
{"op":"mcm","clk":"7748613167","pt":1540557771771,"mc":[{"id":"1.150184052","rc":[{"ltp":1.59,"id":4827766},{"ltp":2.68,"id":2609424}]}]}
{"op":"mcm","clk":"7748623002","pt":1540557831815,"mc":[{"id":"1.150184052","rc":[{"ltp":1.47,"id":4827766}]}]}
{"op":"mcm","clk":"7748631657","pt":1540557891842,"mc":[{"id":"1.150184052","rc":[{"ltp":1.51,"id":4827766},{"ltp":2.98,"id":2609424}]}]}
{"op":"mcm","clk":"7748639627","pt":1540557951692,"mc":[{"id":"1.150184052","rc":[{"ltp":1.45,"id":4827766},{"ltp":3.2,"id":2609424}]}]}
{"op":"mcm","clk":"7748647300","pt":1540558010028,"mc":[{"id":"1.150184052","rc":[{"ltp":1.55,"id":4827766},{"ltp":2.8,"id":2609424}]}]}
{"op":"mcm","clk":"7748654635","pt":1540558071473,"mc":[{"id":"1.150184052","rc":[{"ltp":1.59,"id":4827766},{"ltp":2.72,"id":2609424}]}]}
{"op":"mcm","clk":"7748662078","pt":1540558130558,"mc":[{"id":"1.150184052","rc":[{"ltp":1.6,"id":4827766},{"ltp":2.68,"id":2609424}]}]}
{"op":"mcm","clk":"7748668774","pt":1540558191666,"mc":[{"id":"1.150184052","rc":[{"ltp":1.59,"id":4827766}]}]}
{"op":"mcm","clk":"7748675406","pt":1540558251837,"mc":[{"id":"1.150184052","rc":[{"ltp":1.48,"id":4827766},{"ltp":3.05,"id":2609424}]}]}
{"op":"mcm","clk":"7748683427","pt":1540558311719,"mc":[{"id":"1.150184052","rc":[{"ltp":1.43,"id":4827766},{"ltp":3.25,"id":2609424}]}]}
{"op":"mcm","clk":"7748708788","pt":1540558371526,"mc":[{"id":"1.150184052","rc":[{"ltp":1.33,"id":4827766},{"ltp":4.1,"id":2609424}]}]}
{"op":"mcm","clk":"7748715483","pt":1540558431595,"mc":[{"id":"1.150184052","rc":[{"ltp":1.3,"id":4827766},{"ltp":4.3,"id":2609424}]}]}
{"op":"mcm","clk":"7748722474","pt":1540558491791,"mc":[{"id":"1.150184052","rc":[{"ltp":1.47,"id":4827766},{"ltp":3.15,"id":2609424}]}]}
{"op":"mcm","clk":"7748729425","pt":1540558551603,"mc":[{"id":"1.150184052","rc":[{"ltp":1.38,"id":4827766},{"ltp":3.65,"id":2609424}]}]}
{"op":"mcm","clk":"7748736888","pt":1540558611813,"mc":[{"id":"1.150184052","rc":[{"ltp":1.53,"id":4827766},{"ltp":2.9,"id":2609424}]}]}
{"op":"mcm","clk":"7748745314","pt":1540558671669,"mc":[{"id":"1.150184052","rc":[{"ltp":1.54,"id":4827766},{"ltp":2.86,"id":2609424}]}]}
{"op":"mcm","clk":"7748753693","pt":1540558731514,"mc":[{"id":"1.150184052","rc":[{"ltp":2.84,"id":2609424}]}]}
{"op":"mcm","clk":"7748761601","pt":1540558791717,"mc":[{"id":"1.150184052","rc":[{"ltp":1.48,"id":4827766},{"ltp":3.1,"id":2609424}]}]}
{"op":"mcm","clk":"7748769759","pt":1540558851766,"mc":[{"id":"1.150184052","rc":[{"ltp":1.49,"id":4827766}]}]}
{"op":"mcm","clk":"7748777685","pt":1540558911412,"mc":[{"id":"1.150184052","rc":[{"ltp":1.42,"id":4827766},{"ltp":3.3,"id":2609424}]}]}
{"op":"mcm","clk":"7748786152","pt":1540558971717,"mc":[{"id":"1.150184052","rc":[{"ltp":1.4,"id":4827766},{"ltp":3.4,"id":2609424}]}]}
{"op":"mcm","clk":"7748793873","pt":1540559031425,"mc":[{"id":"1.150184052","rc":[{"ltp":1.41,"id":4827766}]}]}
{"op":"mcm","clk":"7748802470","pt":1540559091812,"mc":[{"id":"1.150184052","rc":[{"ltp":1.59,"id":4827766},{"ltp":2.6,"id":2609424}]}]}
{"op":"mcm","clk":"7748809201","pt":1540559151857,"mc":[{"id":"1.150184052","rc":[{"ltp":1.78,"id":4827766},{"ltp":2.28,"id":2609424}]}]}
{"op":"mcm","clk":"7748816110","pt":1540559211851,"mc":[{"id":"1.150184052","rc":[{"ltp":2.18,"id":4827766},{"ltp":1.88,"id":2609424}]}]}
{"op":"mcm","clk":"7748838825","pt":1540559271802,"mc":[{"id":"1.150184052","rc":[{"ltp":1.85,"id":2609424}]}]}
{"op":"mcm","clk":"7748846235","pt":1540559331858,"mc":[{"id":"1.150184052","rc":[{"ltp":2.22,"id":4827766},{"ltp":1.8,"id":2609424}]}]}
{"op":"mcm","clk":"7748853990","pt":1540559391800,"mc":[{"id":"1.150184052","rc":[{"ltp":2.26,"id":4827766},{"ltp":1.79,"id":2609424}]}]}
{"op":"mcm","clk":"7748863253","pt":1540559451445,"mc":[{"id":"1.150184052","rc":[{"ltp":2.16,"id":4827766},{"ltp":1.86,"id":2609424}]}]}
{"op":"mcm","clk":"7748872438","pt":1540559511740,"mc":[{"id":"1.150184052","rc":[{"ltp":2.24,"id":4827766},{"ltp":1.81,"id":2609424}]}]}
{"op":"mcm","clk":"7748880940","pt":1540559571760,"mc":[{"id":"1.150184052","rc":[{"ltp":2.04,"id":4827766},{"ltp":1.98,"id":2609424}]}]}
{"op":"mcm","clk":"7748889186","pt":1540559631590,"mc":[{"id":"1.150184052","rc":[{"ltp":1.94,"id":4827766},{"ltp":2.06,"id":2609424}]}]}
{"op":"mcm","clk":"7748897314","pt":1540559691625,"mc":[{"id":"1.150184052","rc":[{"ltp":1.77,"id":4827766},{"ltp":2.28,"id":2609424}]}]}
{"op":"mcm","clk":"7748905178","pt":1540559751679,"mc":[{"id":"1.150184052","rc":[{"ltp":2.04,"id":4827766},{"ltp":1.98,"id":2609424}]}]}
{"op":"mcm","clk":"7748913044","pt":1540559811324,"mc":[{"id":"1.150184052","rc":[{"ltp":2.14,"id":4827766},{"ltp":1.92,"id":2609424}]}]}
{"op":"mcm","clk":"7748920381","pt":1540559871792,"mc":[{"id":"1.150184052","rc":[{"ltp":2.06,"id":4827766},{"ltp":1.85,"id":2609424}]}]}
{"op":"mcm","clk":"7748928381","pt":1540559931855,"mc":[{"id":"1.150184052","rc":[{"ltp":2.34,"id":4827766},{"ltp":1.68,"id":2609424}]}]}
{"op":"mcm","clk":"7748936253","pt":1540559991647,"mc":[{"id":"1.150184052","rc":[{"ltp":2.3,"id":4827766},{"ltp":1.77,"id":2609424}]}]}
{"op":"mcm","clk":"7748943999","pt":1540560051583,"mc":[{"id":"1.150184052","rc":[{"ltp":1.78,"id":2609424}]}]}
{"op":"mcm","clk":"7748952561","pt":1540560111706,"mc":[{"id":"1.150184052","rc":[{"ltp":3.9,"id":4827766},{"ltp":1.3,"id":2609424}]}]}
{"op":"mcm","clk":"7748975681","pt":1540560171764,"mc":[{"id":"1.150184052","rc":[{"ltp":4.6,"id":4827766},{"ltp":1.28,"id":2609424}]}]}
{"op":"mcm","clk":"7748983533","pt":1540560231593,"mc":[{"id":"1.150184052","rc":[{"ltp":4.7,"id":4827766}]}]}
{"op":"mcm","clk":"7748992078","pt":1540560291787,"mc":[{"id":"1.150184052","rc":[{"ltp":5.6,"id":4827766},{"ltp":1.22,"id":2609424}]}]}
{"op":"mcm","clk":"7749001141","pt":1540560351760,"mc":[{"id":"1.150184052","rc":[{"ltp":4.4,"id":4827766},{"ltp":1.28,"id":2609424}]}]}
{"op":"mcm","clk":"7749009688","pt":1540560410992,"mc":[{"id":"1.150184052","rc":[{"ltp":5.4,"id":4827766},{"ltp":1.24,"id":2609424}]}]}
{"op":"mcm","clk":"7749018328","pt":1540560471793,"mc":[{"id":"1.150184052","rc":[{"ltp":5.6,"id":4827766},{"ltp":1.23,"id":2609424}]}]}
{"op":"mcm","clk":"7749026753","pt":1540560531719,"mc":[{"id":"1.150184052","rc":[{"ltp":6.2,"id":4827766},{"ltp":1.18,"id":2609424}]}]}
{"op":"mcm","clk":"7749034869","pt":1540560591865,"mc":[{"id":"1.150184052","rc":[{"ltp":5.6,"id":4827766},{"ltp":1.23,"id":2609424}]}]}
{"op":"mcm","clk":"7749043335","pt":1540560651726,"mc":[{"id":"1.150184052","rc":[{"ltp":5.3,"id":4827766}]}]}
{"op":"mcm","clk":"7749052399","pt":1540560711717,"mc":[{"id":"1.150184052","rc":[{"ltp":5.9,"id":4827766},{"ltp":1.19,"id":2609424}]}]}
{"op":"mcm","clk":"7749060420","pt":1540560771721,"mc":[{"id":"1.150184052","rc":[{"ltp":5.8,"id":4827766},{"ltp":1.21,"id":2609424}]}]}
{"op":"mcm","clk":"7749068544","pt":1540560831807,"mc":[{"id":"1.150184052","rc":[{"ltp":5.7,"id":4827766},{"ltp":1.22,"id":2609424}]}]}
{"op":"mcm","clk":"7749076497","pt":1540560891433,"mc":[{"id":"1.150184052","rc":[{"ltp":5.9,"id":4827766},{"ltp":1.2,"id":2609424}]}]}
{"op":"mcm","clk":"7749084384","pt":1540560951130,"mc":[{"id":"1.150184052","rc":[{"ltp":6.8,"id":4827766},{"ltp":1.16,"id":2609424}]}]}
{"op":"mcm","clk":"7749092585","pt":1540561011244,"mc":[{"id":"1.150184052","rc":[{"ltp":1.17,"id":2609424}]}]}
{"op":"mcm","clk":"7749116446","pt":1540561071627,"mc":[{"id":"1.150184052","rc":[{"ltp":1.16,"id":2609424}]}]}
{"op":"mcm","clk":"7749124077","pt":1540561131754,"mc":[{"id":"1.150184052","rc":[{"ltp":5.5,"id":4827766},{"ltp":1.23,"id":2609424}]}]}
{"op":"mcm","clk":"7749131869","pt":1540561191707,"mc":[{"id":"1.150184052","rc":[{"ltp":5.4,"id":4827766},{"ltp":1.22,"id":2609424}]}]}
{"op":"mcm","clk":"7749140193","pt":1540561251214,"mc":[{"id":"1.150184052","rc":[{"ltp":5.5,"id":4827766},{"ltp":1.23,"id":2609424}]}]}
{"op":"mcm","clk":"7749149160","pt":1540561311724,"mc":[{"id":"1.150184052","rc":[{"ltp":4.2,"id":4827766},{"ltp":1.32,"id":2609424}]}]}
{"op":"mcm","clk":"7749156789","pt":1540561371068,"mc":[{"id":"1.150184052","rc":[{"ltp":3.6,"id":4827766},{"ltp":1.36,"id":2609424}]}]}
{"op":"mcm","clk":"7749164124","pt":1540561431830,"mc":[{"id":"1.150184052","rc":[{"ltp":4.8,"id":4827766},{"ltp":1.28,"id":2609424}]}]}
{"op":"mcm","clk":"7749171812","pt":1540561491865,"mc":[{"id":"1.150184052","rc":[{"ltp":3.3,"id":4827766},{"ltp":1.29,"id":2609424}]}]}
{"op":"mcm","clk":"7749179781","pt":1540561551779,"mc":[{"id":"1.150184052","rc":[{"ltp":3.25,"id":4827766},{"ltp":1.43,"id":2609424}]}]}
{"op":"mcm","clk":"7749187114","pt":1540561611620,"mc":[{"id":"1.150184052","rc":[{"ltp":4.3,"id":4827766},{"ltp":1.28,"id":2609424}]}]}
{"op":"mcm","clk":"7749194091","pt":1540561671796,"mc":[{"id":"1.150184052","rc":[{"ltp":8.2,"id":4827766},{"ltp":1.14,"id":2609424}]}]}
{"op":"mcm","clk":"7749200426","pt":1540561731862,"mc":[{"id":"1.150184052","rc":[{"ltp":9.4,"id":4827766},{"ltp":1.11,"id":2609424}]}]}
{"op":"mcm","clk":"7749207070","pt":1540561791465,"mc":[{"id":"1.150184052","rc":[{"ltp":14.5,"id":4827766},{"ltp":1.06,"id":2609424}]}]}
{"op":"mcm","clk":"7749213307","pt":1540561851850,"mc":[{"id":"1.150184052","rc":[{"ltp":8.8,"id":4827766},{"ltp":1.12,"id":2609424}]}]}
{"op":"mcm","clk":"7749219873","pt":1540561911714,"mc":[{"id":"1.150184052","rc":[{"ltp":7.0,"id":4827766},{"ltp":1.17,"id":2609424}]}]}
{"op":"mcm","clk":"7749242574","pt":1540561971493,"mc":[{"id":"1.150184052","rc":[{"ltp":9.4,"id":4827766},{"ltp":1.12,"id":2609424}]}]}
{"op":"mcm","clk":"7749249703","pt":1540562031801,"mc":[{"id":"1.150184052","rc":[{"ltp":6.6,"id":4827766},{"ltp":1.18,"id":2609424}]}]}
{"op":"mcm","clk":"7749256752","pt":1540562091667,"mc":[{"id":"1.150184052","rc":[{"ltp":6.4,"id":4827766}]}]}
{"op":"mcm","clk":"7749264816","pt":1540562151510,"mc":[{"id":"1.150184052","rc":[{"ltp":1.19,"id":2609424}]}]}
{"op":"mcm","clk":"7749271381","pt":1540562211758,"mc":[{"id":"1.150184052","rc":[{"ltp":4.4,"id":4827766},{"ltp":1.29,"id":2609424}]}]}
{"op":"mcm","clk":"7749276466","pt":1540562271602,"mc":[{"id":"1.150184052","rc":[{"ltp":4.1,"id":4827766},{"ltp":1.33,"id":2609424}]}]}
{"op":"mcm","clk":"7749282435","pt":1540562331798,"mc":[{"id":"1.150184052","rc":[{"ltp":2.66,"id":4827766},{"ltp":1.56,"id":2609424}]}]}
{"op":"mcm","clk":"7749289416","pt":1540562390883,"mc":[{"id":"1.150184052","rc":[{"ltp":2.6,"id":4827766},{"ltp":1.61,"id":2609424}]}]}
{"op":"mcm","clk":"7749298255","pt":1540562451785,"mc":[{"id":"1.150184052","rc":[{"ltp":3.0,"id":4827766},{"ltp":1.48,"id":2609424}]}]}
{"op":"mcm","clk":"7749304756","pt":1540562511777,"mc":[{"id":"1.150184052","rc":[{"ltp":3.35,"id":4827766},{"ltp":1.42,"id":2609424}]}]}
{"op":"mcm","clk":"7749313302","pt":1540562571795,"mc":[{"id":"1.150184052","rc":[{"ltp":2.12,"id":4827766},{"ltp":1.89,"id":2609424}]}]}
{"op":"mcm","clk":"7749322320","pt":1540562631841,"mc":[{"id":"1.150184052","rc":[{"ltp":2.16,"id":4827766},{"ltp":1.85,"id":2609424}]}]}
{"op":"mcm","clk":"7749330695","pt":1540562691838,"mc":[{"id":"1.150184052","rc":[{"ltp":2.96,"id":4827766},{"ltp":1.5,"id":2609424}]}]}
{"op":"mcm","clk":"7749339422","pt":1540562751730,"mc":[{"id":"1.150184052","rc":[{"ltp":2.02,"id":4827766},{"ltp":2.02,"id":2609424}]}]}
{"op":"mcm","clk":"7749348032","pt":1540562811810,"mc":[{"id":"1.150184052","rc":[{"ltp":1.71,"id":4827766},{"ltp":2.42,"id":2609424}]}]}
{"op":"mcm","clk":"7749372083","pt":1540562871493,"mc":[{"id":"1.150184052","rc":[{"ltp":2.4,"id":2609424}]}]}
{"op":"mcm","clk":"7749382629","pt":1540562931465,"mc":[{"id":"1.150184052","rc":[{"ltp":1.72,"id":4827766},{"ltp":2.38,"id":2609424}]}]}
{"op":"mcm","clk":"7749393027","pt":1540562991816,"mc":[{"id":"1.150184052","rc":[{"ltp":2.08,"id":4827766},{"ltp":1.94,"id":2609424}]}]}
{"op":"mcm","clk":"7749402435","pt":1540563051746,"mc":[{"id":"1.150184052","rc":[{"ltp":2.2,"id":4827766},{"ltp":1.82,"id":2609424}]}]}
{"op":"mcm","clk":"7749410739","pt":1540563111403,"mc":[{"id":"1.150184052","rc":[{"ltp":2.74,"id":4827766},{"ltp":1.57,"id":2609424}]}]}
{"op":"mcm","clk":"7749418438","pt":1540563171756,"mc":[{"id":"1.150184052","rc":[{"ltp":2.4,"id":4827766},{"ltp":1.71,"id":2609424}]}]}
{"op":"mcm","clk":"7749426539","pt":1540563231793,"mc":[{"id":"1.150184052","rc":[{"ltp":2.08,"id":4827766},{"ltp":1.91,"id":2609424}]}]}
{"op":"mcm","clk":"7749434957","pt":1540563291656,"mc":[{"id":"1.150184052","rc":[{"ltp":1.76,"id":4827766},{"ltp":2.28,"id":2609424}]}]}
{"op":"mcm","clk":"7749444406","pt":1540563351866,"mc":[{"id":"1.150184052","rc":[{"ltp":1.77,"id":4827766}]}]}
{"op":"mcm","clk":"7749452838","pt":1540563411818,"mc":[{"id":"1.150184052","rc":[{"ltp":1.78,"id":4827766}]}]}
{"op":"mcm","clk":"7749462541","pt":1540563471730,"mc":[{"id":"1.150184052","rc":[{"ltp":1.93,"id":4827766},{"ltp":2.06,"id":2609424}]}]}
{"op":"mcm","clk":"7749470932","pt":1540563531793,"mc":[{"id":"1.150184052","rc":[{"ltp":2.14,"id":4827766},{"ltp":1.89,"id":2609424}]}]}
{"op":"mcm","clk":"7749479463","pt":1540563591849,"mc":[{"id":"1.150184052","rc":[{"ltp":1.94,"id":4827766},{"ltp":2.06,"id":2609424}]}]}
{"op":"mcm","clk":"7749488098","pt":1540563651710,"mc":[{"id":"1.150184052","rc":[{"ltp":2.12,"id":4827766},{"ltp":1.88,"id":2609424}]}]}
{"op":"mcm","clk":"7749497677","pt":1540563711754,"mc":[{"id":"1.150184052","rc":[{"ltp":2.18,"id":4827766},{"ltp":1.84,"id":2609424}]}]}
{"op":"mcm","clk":"7749522343","pt":1540563771786,"mc":[{"id":"1.150184052","rc":[{"ltp":3.05,"id":4827766},{"ltp":1.82,"id":2609424}]}]}
{"op":"mcm","clk":"7749532028","pt":1540563831763,"mc":[{"id":"1.150184052","rc":[{"ltp":1.78,"id":4827766},{"ltp":2.28,"id":2609424}]}]}
{"op":"mcm","clk":"7749541644","pt":1540563891055,"mc":[{"id":"1.150184052","rc":[{"ltp":2.12,"id":4827766},{"ltp":1.89,"id":2609424}]}]}
{"op":"mcm","clk":"7749551618","pt":1540563951231,"mc":[{"id":"1.150184052","rc":[{"ltp":2.16,"id":4827766},{"ltp":1.84,"id":2609424}]}]}
{"op":"mcm","clk":"7749560502","pt":1540564011791,"mc":[{"id":"1.150184052","rc":[{"ltp":1.5,"id":4827766},{"ltp":3.0,"id":2609424}]}]}
{"op":"mcm","clk":"7749570161","pt":1540564071802,"mc":[{"id":"1.150184052","rc":[{"ltp":2.42,"id":4827766},{"ltp":1.7,"id":2609424}]}]}
{"op":"mcm","clk":"7749579203","pt":1540564131837,"mc":[{"id":"1.150184052","rc":[{"ltp":4.2,"id":4827766},{"ltp":1.2,"id":2609424}]}]}
{"op":"mcm","clk":"7749585735","pt":1540564175585,"mc":[{"id":"1.150184052","marketDefinition":{"bspMarket":false,"turnInPlayEnabled":true,"persistenceEnabled":true,"marketBaseRate":5.0,"eventId":"28975576","eventTypeId":"2","numberOfWinners":1,"bettingType":"ODDS","marketType":"MATCH_ODDS","marketTime":"2018-10-26T10:43:00.000Z","suspendTime":"2018-10-26T10:43:00.000Z","bspReconciled":false,"complete":true,"inPlay":true,"crossMatching":true,"runnersVoidable":false,"numberOfActiveRunners":2,"betDelay":5,"status":"SUSPENDED","runners":[{"status":"ACTIVE","sortPriority":1,"id":2609424,"name":"Mikhail Kukushkin"},{"status":"ACTIVE","sortPriority":2,"id":4827766,"name":"Marton Fucsovics"}],"regulators":["MR_INT"],"countryCode":"AT","discountAllowed":true,"timezone":"UTC","openDate":"2018-10-26T10:43:00.000Z","version":2476250893,"name":"Match Odds","eventName":"18714036"},"rc":[{"ltp":10.5,"id":4827766},{"ltp":1.11,"id":2609424}]}]}
{"op":"mcm","clk":"7749595922","pt":1540564245781,"mc":[{"id":"1.150184052","marketDefinition":{"bspMarket":false,"turnInPlayEnabled":true,"persistenceEnabled":true,"marketBaseRate":5.0,"eventId":"28975576","eventTypeId":"2","numberOfWinners":1,"bettingType":"ODDS","marketType":"MATCH_ODDS","marketTime":"2018-10-26T10:43:00.000Z","suspendTime":"2018-10-26T10:43:00.000Z","bspReconciled":false,"complete":true,"inPlay":true,"crossMatching":false,"runnersVoidable":false,"numberOfActiveRunners":0,"betDelay":5,"status":"CLOSED","settledTime":"2018-10-26T14:30:05.000Z","runners":[{"status":"WINNER","sortPriority":1,"id":2609424,"name":"Mikhail Kukushkin"},{"status":"LOSER","sortPriority":2,"id":4827766,"name":"Marton Fucsovics"}],"regulators":["MR_INT"],"countryCode":"AT","discountAllowed":true,"timezone":"UTC","openDate":"2018-10-26T10:43:00.000Z","version":2476252033,"name":"Match Odds","eventName":"18714036"}}]}
