{"op":"mcm","clk":"7786734028","pt":1540880392930,"mc":[{"id":"1.150458385","marketDefinition":{"bspMarket":false,"turnInPlayEnabled":true,"persistenceEnabled":true,"marketBaseRate":5.0,"eventId":"28984330","eventTypeId":"2","numberOfWinners":1,"bettingType":"ODDS","marketType":"MATCH_ODDS","marketTime":"2018-10-31T09:00:00.000Z","suspendTime":"2018-10-31T09:00:00.000Z","bspReconciled":false,"complete":true,"inPlay":false,"crossMatching":true,"runnersVoidable":false,"numberOfActiveRunners":2,"betDelay":0,"status":"OPEN","runners":[{"status":"ACTIVE","sortPriority":1,"id":7795290,"name":"Daria Kasatkina"},{"status":"ACTIVE","sortPriority":2,"id":3800907,"name":"Madison Keys"}],"regulators":["MR_INT"],"countryCode":"CN","discountAllowed":true,"timezone":"UTC","openDate":"2018-10-31T09:00:00.000Z","version":2485464972,"name":"Match Odds","eventName":"Kasatkina v Keys"}}]}
{"op":"mcm","clk":"7788659559","pt":1540907020236,"mc":[{"id":"1.150458385","rc":[{"ltp":2.1,"id":7795290},{"ltp":1.9,"id":3800907}]}]}
{"op":"mcm","clk":"7788785650","pt":1540908233574,"mc":[{"id":"1.150458385","rc":[{"ltp":1.93,"id":3800907}]}]}
{"op":"mcm","clk":"7788832240","pt":1540908533181,"mc":[{"id":"1.150458385","rc":[{"ltp":2.2,"id":3800907}]}]}
{"op":"mcm","clk":"7788867013","pt":1540908831991,"mc":[{"id":"1.150458385","rc":[{"ltp":1.98,"id":3800907}]}]}
{"op":"mcm","clk":"7788873547","pt":1540908894156,"mc":[{"id":"1.150458385","rc":[{"ltp":2.12,"id":3800907}]}]}
{"op":"mcm","clk":"7789184908","pt":1540911534115,"mc":[{"id":"1.150458385","rc":[{"ltp":1.88,"id":7795290},{"ltp":2.14,"id":3800907}]}]}
{"op":"mcm","clk":"7789198166","pt":1540911673631,"mc":[{"id":"1.150458385","rc":[{"ltp":2.2,"id":3800907}]}]}
{"op":"mcm","clk":"7789427395","pt":1540913564099,"mc":[{"id":"1.150458385","rc":[{"ltp":2.18,"id":3800907}]}]}
{"op":"mcm","clk":"7790077543","pt":1540920108789,"mc":[{"id":"1.150458385","rc":[{"ltp":1.86,"id":7795290},{"ltp":2.16,"id":3800907}]}]}
{"op":"mcm","clk":"7790113607","pt":1540920383120,"mc":[{"id":"1.150458385","rc":[{"ltp":2.14,"id":3800907}]}]}
{"op":"mcm","clk":"7790827624","pt":1540925935696,"mc":[{"id":"1.150458385","rc":[{"ltp":2.16,"id":3800907}]}]}
{"op":"mcm","clk":"7791096550","pt":1540927788310,"mc":[{"id":"1.150458385","rc":[{"ltp":1.88,"id":7795290}]}]}
{"op":"mcm","clk":"7791236486","pt":1540928845747,"mc":[{"id":"1.150458385","rc":[{"ltp":1.86,"id":7795290}]}]}
{"op":"mcm","clk":"7791331714","pt":1540929522482,"mc":[{"id":"1.150458385","rc":[{"ltp":1.88,"id":7795290},{"ltp":2.14,"id":3800907}]}]}
{"op":"mcm","clk":"7791343956","pt":1540929632090,"mc":[{"id":"1.150458385","rc":[{"ltp":1.86,"id":7795290},{"ltp":2.16,"id":3800907}]}]}
{"op":"mcm","clk":"7791643234","pt":1540931912901,"mc":[{"id":"1.150458385","rc":[{"ltp":1.82,"id":7795290},{"ltp":2.22,"id":3800907}]}]}
{"op":"mcm","clk":"7792124086","pt":1540937422094,"mc":[{"id":"1.150458385","rc":[{"ltp":1.84,"id":7795290}]}]}
{"op":"mcm","clk":"7792266085","pt":1540940333718,"mc":[{"id":"1.150458385","rc":[{"ltp":2.14,"id":3800907}]}]}
{"op":"mcm","clk":"7792274399","pt":1540940515782,"mc":[{"id":"1.150458385","rc":[{"ltp":1.88,"id":7795290}]}]}
{"op":"mcm","clk":"7792324859","pt":1540941419684,"mc":[{"id":"1.150458385","rc":[{"ltp":1.85,"id":7795290},{"ltp":2.18,"id":3800907}]}]}
{"op":"mcm","clk":"7792326521","pt":1540941455262,"mc":[{"id":"1.150458385","rc":[{"ltp":1.83,"id":7795290}]}]}
{"op":"mcm","clk":"7792334475","pt":1540941623346,"mc":[{"id":"1.150458385","rc":[{"ltp":1.82,"id":7795290},{"ltp":2.2,"id":3800907}]}]}
{"op":"mcm","clk":"7792384331","pt":1540942494645,"mc":[{"id":"1.150458385","rc":[{"ltp":1.85,"id":7795290},{"ltp":2.18,"id":3800907}]}]}
{"op":"mcm","clk":"7792387339","pt":1540942560393,"mc":[{"id":"1.150458385","rc":[{"ltp":1.82,"id":7795290}]}]}
{"op":"mcm","clk":"7792406303","pt":1540942739409,"mc":[{"id":"1.150458385","rc":[{"ltp":1.81,"id":7795290},{"ltp":2.22,"id":3800907}]}]}
{"op":"mcm","clk":"7792598283","pt":1540946434751,"mc":[{"id":"1.150458385","rc":[{"ltp":1.85,"id":7795290}]}]}
{"op":"mcm","clk":"7793047984","pt":1540953116218,"mc":[{"id":"1.150458385","rc":[{"ltp":2.16,"id":3800907}]}]}
{"op":"mcm","clk":"7793059910","pt":1540953360504,"mc":[{"id":"1.150458385","rc":[{"ltp":2.12,"id":3800907}]}]}
{"op":"mcm","clk":"7793215762","pt":1540955324849,"mc":[{"id":"1.150458385","rc":[{"ltp":1.9,"id":7795290}]}]}
{"op":"mcm","clk":"7793219698","pt":1540955384104,"mc":[{"id":"1.150458385","rc":[{"ltp":1.86,"id":7795290}]}]}
{"op":"mcm","clk":"7793454771","pt":1540958853308,"mc":[{"id":"1.150458385","rc":[{"ltp":1.87,"id":7795290}]}]}
{"op":"mcm","clk":"7793459116","pt":1540958985917,"mc":[{"id":"1.150458385","rc":[{"ltp":2.14,"id":3800907}]}]}
{"op":"mcm","clk":"7793623706","pt":1540961757135,"mc":[{"id":"1.150458385","rc":[{"ltp":1.9,"id":7795290}]}]}
{"op":"mcm","clk":"7793640130","pt":1540962120752,"mc":[{"id":"1.150458385","rc":[{"ltp":2.12,"id":3800907}]}]}
{"op":"mcm","clk":"7793640311","pt":1540962125597,"mc":[{"id":"1.150458385","rc":[{"ltp":1.88,"id":7795290}]}]}
{"op":"mcm","clk":"7793758162","pt":1540964305358,"mc":[{"id":"1.150458385","rc":[{"ltp":1.87,"id":7795290}]}]}
{"op":"mcm","clk":"7793809578","pt":1540965224738,"mc":[{"id":"1.150458385","rc":[{"ltp":1.91,"id":7795290},{"ltp":2.1,"id":3800907}]}]}
{"op":"mcm","clk":"7793866332","pt":1540966310617,"mc":[{"id":"1.150458385","rc":[{"ltp":1.89,"id":7795290},{"ltp":2.12,"id":3800907}]}]}
{"op":"mcm","clk":"7793870833","pt":1540966440621,"mc":[{"id":"1.150458385","rc":[{"ltp":1.88,"id":7795290}]}]}
{"op":"mcm","clk":"7793871326","pt":1540966453579,"mc":[{"id":"1.150458385","rc":[{"ltp":1.89,"id":7795290}]}]}
{"op":"mcm","clk":"7793885018","pt":1540966819275,"mc":[{"id":"1.150458385","rc":[{"ltp":1.91,"id":7795290},{"ltp":2.1,"id":3800907}]}]}
{"op":"mcm","clk":"7793918739","pt":1540967452758,"mc":[{"id":"1.150458385","rc":[{"ltp":1.92,"id":7795290}]}]}
{"op":"mcm","clk":"7793992438","pt":1540969077848,"mc":[{"id":"1.150458385","rc":[{"ltp":1.91,"id":7795290}]}]}
{"op":"mcm","clk":"7793997507","pt":1540969249010,"mc":[{"id":"1.150458385","rc":[{"ltp":1.88,"id":7795290}]}]}
{"op":"mcm","clk":"7793999197","pt":1540969293081,"mc":[{"id":"1.150458385","rc":[{"ltp":1.87,"id":7795290}]}]}
{"op":"mcm","clk":"7794020463","pt":1540969675175,"mc":[{"id":"1.150458385","rc":[{"ltp":2.12,"id":3800907}]}]}
{"op":"mcm","clk":"7794027582","pt":1540969926057,"mc":[{"id":"1.150458385","rc":[{"ltp":2.16,"id":3800907}]}]}
{"op":"mcm","clk":"7794064271","pt":1540971104164,"mc":[{"id":"1.150458385","rc":[{"ltp":1.86,"id":7795290}]}]}
{"op":"mcm","clk":"7794066018","pt":1540971152670,"mc":[{"id":"1.150458385","rc":[{"ltp":1.87,"id":7795290}]}]}
{"op":"mcm","clk":"7794087041","pt":1540971499957,"mc":[{"id":"1.150458385","rc":[{"ltp":1.86,"id":7795290},{"ltp":2.14,"id":3800907}]}]}
{"op":"mcm","clk":"7794094772","pt":1540971708821,"mc":[{"id":"1.150458385","rc":[{"ltp":1.88,"id":7795290}]}]}
{"op":"mcm","clk":"7794102148","pt":1540971950134,"mc":[{"id":"1.150458385","rc":[{"ltp":1.85,"id":7795290},{"ltp":2.18,"id":3800907}]}]}
{"op":"mcm","clk":"7794103490","pt":1540972001932,"mc":[{"id":"1.150458385","rc":[{"ltp":2.16,"id":3800907}]}]}
{"op":"mcm","clk":"7794108150","pt":1540972139334,"mc":[{"id":"1.150458385","rc":[{"ltp":1.87,"id":7795290}]}]}
{"op":"mcm","clk":"7794128625","pt":1540972398415,"mc":[{"id":"1.150458385","rc":[{"ltp":1.86,"id":7795290}]}]}
{"op":"mcm","clk":"7794131817","pt":1540972499530,"mc":[{"id":"1.150458385","rc":[{"ltp":1.85,"id":7795290},{"ltp":2.14,"id":3800907}]}]}
{"op":"mcm","clk":"7794140066","pt":1540972774541,"mc":[{"id":"1.150458385","rc":[{"ltp":1.88,"id":7795290},{"ltp":2.16,"id":3800907}]}]}
{"op":"mcm","clk":"7794143598","pt":1540972883701,"mc":[{"id":"1.150458385","rc":[{"ltp":1.86,"id":7795290}]}]}
{"op":"mcm","clk":"7794168718","pt":1540973361063,"mc":[{"id":"1.150458385","rc":[{"ltp":1.87,"id":7795290}]}]}
{"op":"mcm","clk":"7794195103","pt":1540973820332,"mc":[{"id":"1.150458385","rc":[{"ltp":2.14,"id":3800907}]}]}
{"op":"mcm","clk":"7794208706","pt":1540974025369,"mc":[{"id":"1.150458385","rc":[{"ltp":1.88,"id":7795290}]}]}
{"op":"mcm","clk":"7794212945","pt":1540974106698,"mc":[{"id":"1.150458385","rc":[{"ltp":1.87,"id":7795290}]}]}
{"op":"mcm","clk":"7794227451","pt":1540974165596,"mc":[{"id":"1.150458385","rc":[{"ltp":1.88,"id":7795290}]}]}
{"op":"mcm","clk":"7794230370","pt":1540974237886,"mc":[{"id":"1.150458385","rc":[{"ltp":1.87,"id":7795290}]}]}
{"op":"mcm","clk":"7794231984","pt":1540974286560,"mc":[{"id":"1.150458385","rc":[{"ltp":1.88,"id":7795290}]}]}
{"op":"mcm","clk":"7794233713","pt":1540974346301,"mc":[{"id":"1.150458385","rc":[{"ltp":1.86,"id":7795290},{"ltp":2.16,"id":3800907}]}]}
{"op":"mcm","clk":"7794244879","pt":1540974654747,"mc":[{"id":"1.150458385","rc":[{"ltp":2.18,"id":3800907}]}]}
{"op":"mcm","clk":"7794247671","pt":1540974720723,"mc":[{"id":"1.150458385","rc":[{"ltp":1.82,"id":7795290},{"ltp":2.2,"id":3800907}]}]}
{"op":"mcm","clk":"7794251005","pt":1540974778535,"mc":[{"id":"1.150458385","rc":[{"ltp":1.81,"id":7795290},{"ltp":2.22,"id":3800907}]}]}
{"op":"mcm","clk":"7794254175","pt":1540974839792,"mc":[{"id":"1.150458385","rc":[{"ltp":1.83,"id":7795290},{"ltp":2.2,"id":3800907}]}]}
{"op":"mcm","clk":"7794256527","pt":1540974891645,"mc":[{"id":"1.150458385","rc":[{"ltp":1.82,"id":7795290}]}]}
{"op":"mcm","clk":"7794259598","pt":1540974960429,"mc":[{"id":"1.150458385","rc":[{"ltp":1.83,"id":7795290}]}]}
{"op":"mcm","clk":"7794274805","pt":1540975058417,"mc":[{"id":"1.150458385","rc":[{"ltp":1.85,"id":7795290},{"ltp":2.18,"id":3800907}]}]}
{"op":"mcm","clk":"7794276917","pt":1540975118674,"mc":[{"id":"1.150458385","rc":[{"ltp":1.83,"id":7795290},{"ltp":2.2,"id":3800907}]}]}
{"op":"mcm","clk":"7794279106","pt":1540975182542,"mc":[{"id":"1.150458385","rc":[{"ltp":1.85,"id":7795290}]}]}
{"op":"mcm","clk":"7794283804","pt":1540975304983,"mc":[{"id":"1.150458385","rc":[{"ltp":2.16,"id":3800907}]}]}
{"op":"mcm","clk":"7794286614","pt":1540975380185,"mc":[{"id":"1.150458385","rc":[{"ltp":1.83,"id":7795290},{"ltp":2.2,"id":3800907}]}]}
{"op":"mcm","clk":"7794288991","pt":1540975440368,"mc":[{"id":"1.150458385","rc":[{"ltp":1.82,"id":7795290}]}]}
{"op":"mcm","clk":"7794290866","pt":1540975492571,"mc":[{"id":"1.150458385","rc":[{"ltp":1.85,"id":7795290},{"ltp":2.16,"id":3800907}]}]}
{"op":"mcm","clk":"7794297238","pt":1540975673050,"mc":[{"id":"1.150458385","rc":[{"ltp":1.84,"id":7795290}]}]}
{"op":"mcm","clk":"7794305051","pt":1540975857030,"mc":[{"id":"1.150458385","rc":[{"ltp":1.83,"id":7795290},{"ltp":2.22,"id":3800907}]}]}
{"op":"mcm","clk":"7794307009","pt":1540975904735,"mc":[{"id":"1.150458385","rc":[{"ltp":2.2,"id":3800907}]}]}
{"op":"mcm","clk":"7794322760","pt":1540975979896,"mc":[{"id":"1.150458385","rc":[{"ltp":1.84,"id":7795290}]}]}
{"op":"mcm","clk":"7794329009","pt":1540976093269,"mc":[{"id":"1.150458385","rc":[{"ltp":1.83,"id":7795290}]}]}
{"op":"mcm","clk":"7794331765","pt":1540976149389,"mc":[{"id":"1.150458385","rc":[{"ltp":1.84,"id":7795290},{"ltp":2.18,"id":3800907}]}]}
{"op":"mcm","clk":"7794335181","pt":1540976220428,"mc":[{"id":"1.150458385","rc":[{"ltp":1.83,"id":7795290}]}]}
{"op":"mcm","clk":"7794339739","pt":1540976329146,"mc":[{"id":"1.150458385","marketDefinition":{"bspMarket":false,"turnInPlayEnabled":true,"persistenceEnabled":true,"marketBaseRate":5.0,"eventId":"28984330","eventTypeId":"2","numberOfWinners":1,"bettingType":"ODDS","marketType":"MATCH_ODDS","marketTime":"2018-10-31T09:15:00.000Z","suspendTime":"2018-10-31T09:15:00.000Z","bspReconciled":false,"complete":true,"inPlay":false,"crossMatching":true,"runnersVoidable":false,"numberOfActiveRunners":2,"betDelay":0,"status":"OPEN","runners":[{"status":"ACTIVE","sortPriority":1,"id":7795290,"name":"Daria Kasatkina"},{"status":"ACTIVE","sortPriority":2,"id":3800907,"name":"Madison Keys"}],"regulators":["MR_INT"],"countryCode":"CN","discountAllowed":true,"timezone":"UTC","openDate":"2018-10-31T09:15:00.000Z","version":2487099645,"name":"Match Odds","eventName":"Kasatkina v Keys"},"rc":[{"ltp":1.84,"id":7795290}]}]}
{"op":"mcm","clk":"7794345230","pt":1540976443104,"mc":[{"id":"1.150458385","rc":[{"ltp":1.83,"id":7795290}]}]}
{"op":"mcm","clk":"7794347744","pt":1540976496887,"mc":[{"id":"1.150458385","rc":[{"ltp":1.84,"id":7795290}]}]}
{"op":"mcm","clk":"7794351005","pt":1540976575122,"mc":[{"id":"1.150458385","rc":[{"ltp":1.83,"id":7795290}]}]}
{"op":"mcm","clk":"7794356732","pt":1540976760384,"mc":[{"id":"1.150458385","rc":[{"ltp":2.2,"id":3800907}]}]}
{"op":"mcm","clk":"7794387407","pt":1540977179932,"mc":[{"id":"1.150458385","rc":[{"ltp":2.18,"id":3800907}]}]}
{"op":"mcm","clk":"7794390341","pt":1540977239036,"mc":[{"id":"1.150458385","marketDefinition":{"bspMarket":false,"turnInPlayEnabled":true,"persistenceEnabled":true,"marketBaseRate":5.0,"eventId":"28984330","eventTypeId":"2","numberOfWinners":1,"bettingType":"ODDS","marketType":"MATCH_ODDS","marketTime":"2018-10-31T09:30:00.000Z","suspendTime":"2018-10-31T09:30:00.000Z","bspReconciled":false,"complete":true,"inPlay":false,"crossMatching":true,"runnersVoidable":false,"numberOfActiveRunners":2,"betDelay":0,"status":"OPEN","runners":[{"status":"ACTIVE","sortPriority":1,"id":7795290,"name":"Daria Kasatkina"},{"status":"ACTIVE","sortPriority":2,"id":3800907,"name":"Madison Keys"}],"regulators":["MR_INT"],"countryCode":"CN","discountAllowed":true,"timezone":"UTC","openDate":"2018-10-31T09:30:00.000Z","version":2487104930,"name":"Match Odds","eventName":"Kasatkina v Keys"},"rc":[{"ltp":1.84,"id":7795290}]}]}
{"op":"mcm","clk":"7794393276","pt":1540977300652,"mc":[{"id":"1.150458385","rc":[{"ltp":1.83,"id":7795290},{"ltp":2.2,"id":3800907}]}]}
{"op":"mcm","clk":"7794395983","pt":1540977359298,"mc":[{"id":"1.150458385","rc":[{"ltp":1.84,"id":7795290},{"ltp":2.18,"id":3800907}]}]}
{"op":"mcm","clk":"7794400336","pt":1540977471636,"mc":[{"id":"1.150458385","rc":[{"ltp":2.16,"id":3800907}]}]}
{"op":"mcm","clk":"7794402527","pt":1540977537762,"mc":[{"id":"1.150458385","rc":[{"ltp":1.87,"id":7795290}]}]}
{"op":"mcm","clk":"7794406149","pt":1540977656473,"mc":[{"id":"1.150458385","rc":[{"ltp":1.85,"id":7795290}]}]}
{"op":"mcm","clk":"7794407924","pt":1540977713782,"mc":[{"id":"1.150458385","rc":[{"ltp":1.84,"id":7795290}]}]}
{"op":"mcm","clk":"7794422737","pt":1540977775760,"mc":[{"id":"1.150458385","rc":[{"ltp":1.87,"id":7795290}]}]}
{"op":"mcm","clk":"7794429759","pt":1540977960061,"mc":[{"id":"1.150458385","rc":[{"ltp":1.84,"id":7795290},{"ltp":2.18,"id":3800907}]}]}
{"op":"mcm","clk":"7794434580","pt":1540978080309,"mc":[{"id":"1.150458385","rc":[{"ltp":1.89,"id":7795290},{"ltp":2.12,"id":3800907}]}]}
{"op":"mcm","clk":"7794437275","pt":1540978140521,"mc":[{"id":"1.150458385","marketDefinition":{"bspMarket":false,"turnInPlayEnabled":true,"persistenceEnabled":true,"marketBaseRate":5.0,"eventId":"28984330","eventTypeId":"2","numberOfWinners":1,"bettingType":"ODDS","marketType":"MATCH_ODDS","marketTime":"2018-10-31T09:28:00.000Z","suspendTime":"2018-10-31T09:28:00.000Z","bspReconciled":false,"complete":true,"inPlay":false,"crossMatching":true,"runnersVoidable":false,"numberOfActiveRunners":2,"betDelay":0,"status":"OPEN","runners":[{"status":"ACTIVE","sortPriority":1,"id":7795290,"name":"Daria Kasatkina"},{"status":"ACTIVE","sortPriority":2,"id":3800907,"name":"Madison Keys"}],"regulators":["MR_INT"],"countryCode":"CN","discountAllowed":true,"timezone":"UTC","openDate":"2018-10-31T09:28:00.000Z","version":2487113454,"name":"Match Odds","eventName":"Kasatkina v Keys"},"rc":[{"ltp":1.94,"id":7795290},{"ltp":2.06,"id":3800907}]}]}
{"op":"mcm","clk":"7794442642","pt":1540978260693,"mc":[{"id":"1.150458385","rc":[{"ltp":1.9,"id":7795290}]}]}
{"op":"mcm","clk":"7794444950","pt":1540978320076,"mc":[{"id":"1.150458385","rc":[{"ltp":1.94,"id":7795290}]}]}
{"op":"mcm","clk":"7794447281","pt":1540978379852,"mc":[{"id":"1.150458385","rc":[{"ltp":1.92,"id":7795290}]}]}
{"op":"mcm","clk":"7794449569","pt":1540978440717,"mc":[{"id":"1.150458385","rc":[{"ltp":1.89,"id":7795290},{"ltp":2.12,"id":3800907}]}]}
{"op":"mcm","clk":"7794451819","pt":1540978499721,"mc":[{"id":"1.150458385","rc":[{"ltp":1.87,"id":7795290}]}]}
{"op":"mcm","clk":"7794457482","pt":1540978619342,"mc":[{"id":"1.150458385","rc":[{"ltp":1.9,"id":7795290}]}]}
{"op":"mcm","clk":"7794473099","pt":1540978680231,"mc":[{"id":"1.150458385","rc":[{"ltp":1.93,"id":7795290},{"ltp":2.06,"id":3800907}]}]}
{"op":"mcm","clk":"7794475793","pt":1540978740047,"mc":[{"id":"1.150458385","rc":[{"ltp":1.95,"id":7795290},{"ltp":2.04,"id":3800907}]}]}
{"op":"mcm","clk":"7794478646","pt":1540978800012,"mc":[{"id":"1.150458385","rc":[{"ltp":1.94,"id":7795290},{"ltp":2.08,"id":3800907}]}]}
{"op":"mcm","clk":"7794481436","pt":1540978859924,"mc":[{"id":"1.150458385","rc":[{"ltp":1.92,"id":7795290}]}]}
{"op":"mcm","clk":"7794483832","pt":1540978919295,"mc":[{"id":"1.150458385","rc":[{"ltp":2.06,"id":3800907}]}]}
{"op":"mcm","clk":"7794486140","pt":1540978979150,"mc":[{"id":"1.150458385","rc":[{"ltp":1.94,"id":7795290}]}]}
{"op":"mcm","clk":"7794488526","pt":1540979040586,"mc":[{"id":"1.150458385","marketDefinition":{"bspMarket":false,"turnInPlayEnabled":true,"persistenceEnabled":true,"marketBaseRate":5.0,"eventId":"28984330","eventTypeId":"2","numberOfWinners":1,"bettingType":"ODDS","marketType":"MATCH_ODDS","marketTime":"2018-10-31T09:28:00.000Z","suspendTime":"2018-10-31T09:28:00.000Z","bspReconciled":false,"complete":true,"inPlay":true,"crossMatching":true,"runnersVoidable":false,"numberOfActiveRunners":2,"betDelay":5,"status":"OPEN","runners":[{"status":"ACTIVE","sortPriority":1,"id":7795290,"name":"Daria Kasatkina"},{"status":"ACTIVE","sortPriority":2,"id":3800907,"name":"Madison Keys"}],"regulators":["MR_INT"],"countryCode":"CN","discountAllowed":true,"timezone":"UTC","openDate":"2018-10-31T09:28:00.000Z","version":2487121997,"name":"Match Odds","eventName":"Kasatkina v Keys"},"rc":[{"ltp":2.08,"id":7795290},{"ltp":1.92,"id":3800907}]}]}
{"op":"mcm","clk":"7794490726","pt":1540979100612,"mc":[{"id":"1.150458385","rc":[{"ltp":1.89,"id":3800907}]}]}
{"op":"mcm","clk":"7794493137","pt":1540979160611,"mc":[{"id":"1.150458385","rc":[{"ltp":2.2,"id":7795290},{"ltp":1.82,"id":3800907}]}]}
{"op":"mcm","clk":"7794496201","pt":1540979220403,"mc":[{"id":"1.150458385","rc":[{"ltp":2.24,"id":7795290},{"ltp":1.88,"id":3800907}]}]}
{"op":"mcm","clk":"7794498988","pt":1540979280682,"mc":[{"id":"1.150458385","rc":[{"ltp":2.48,"id":7795290},{"ltp":1.66,"id":3800907}]}]}
{"op":"mcm","clk":"7794502273","pt":1540979340744,"mc":[{"id":"1.150458385","rc":[{"ltp":2.12,"id":7795290},{"ltp":1.88,"id":3800907}]}]}
{"op":"mcm","clk":"7794505793","pt":1540979400700,"mc":[{"id":"1.150458385","rc":[{"ltp":1.9,"id":7795290},{"ltp":2.08,"id":3800907}]}]}
{"op":"mcm","clk":"7794509118","pt":1540979460582,"mc":[{"id":"1.150458385","rc":[{"ltp":2.04,"id":3800907}]}]}
{"op":"mcm","clk":"7794512594","pt":1540979519585,"mc":[{"id":"1.150458385","rc":[{"ltp":1.95,"id":7795290}]}]}
{"op":"mcm","clk":"7794528680","pt":1540979580703,"mc":[{"id":"1.150458385","rc":[{"ltp":2.22,"id":7795290},{"ltp":1.81,"id":3800907}]}]}
{"op":"mcm","clk":"7794532262","pt":1540979640456,"mc":[{"id":"1.150458385","rc":[{"ltp":2.26,"id":7795290},{"ltp":1.8,"id":3800907}]}]}
{"op":"mcm","clk":"7794535693","pt":1540979700711,"mc":[{"id":"1.150458385","rc":[{"ltp":2.04,"id":7795290},{"ltp":1.96,"id":3800907}]}]}
{"op":"mcm","clk":"7794539324","pt":1540979760689,"mc":[{"id":"1.150458385","rc":[{"ltp":2.28,"id":7795290},{"ltp":1.76,"id":3800907}]}]}
{"op":"mcm","clk":"7794542964","pt":1540979820719,"mc":[{"id":"1.150458385","rc":[{"ltp":3.0,"id":7795290},{"ltp":1.5,"id":3800907}]}]}
{"op":"mcm","clk":"7794547353","pt":1540979880736,"mc":[{"id":"1.150458385","rc":[{"ltp":1.48,"id":3800907}]}]}
{"op":"mcm","clk":"7794551359","pt":1540979940770,"mc":[{"id":"1.150458385","rc":[{"ltp":3.15,"id":7795290}]}]}
{"op":"mcm","clk":"7794554719","pt":1540980000722,"mc":[{"id":"1.150458385","rc":[{"ltp":3.55,"id":7795290},{"ltp":1.39,"id":3800907}]}]}
{"op":"mcm","clk":"7794559324","pt":1540980060757,"mc":[{"id":"1.150458385","rc":[{"ltp":3.5,"id":7795290},{"ltp":1.4,"id":3800907}]}]}
{"op":"mcm","clk":"7794563308","pt":1540980120538,"mc":[{"id":"1.150458385","rc":[{"ltp":3.75,"id":7795290},{"ltp":1.37,"id":3800907}]}]}
{"op":"mcm","clk":"7794566832","pt":1540980180770,"mc":[{"id":"1.150458385","rc":[{"ltp":3.9,"id":7795290},{"ltp":1.34,"id":3800907}]}]}
{"op":"mcm","clk":"7794570145","pt":1540980240723,"mc":[{"id":"1.150458385","rc":[{"ltp":3.35,"id":7795290},{"ltp":1.42,"id":3800907}]}]}
{"op":"mcm","clk":"7794573712","pt":1540980300621,"mc":[{"id":"1.150458385","rc":[{"ltp":4.0,"id":7795290},{"ltp":1.33,"id":3800907}]}]}
{"op":"mcm","clk":"7794577303","pt":1540980360564,"mc":[{"id":"1.150458385","rc":[{"ltp":1.34,"id":3800907}]}]}
{"op":"mcm","clk":"7794581693","pt":1540980420764,"mc":[{"id":"1.150458385","rc":[{"ltp":4.3,"id":7795290},{"ltp":1.29,"id":3800907}]}]}
{"op":"mcm","clk":"7794599151","pt":1540980479915,"mc":[{"id":"1.150458385","rc":[{"ltp":3.75,"id":7795290},{"ltp":1.36,"id":3800907}]}]}
{"op":"mcm","clk":"7794603491","pt":1540980540202,"mc":[{"id":"1.150458385","rc":[{"ltp":3.9,"id":7795290},{"ltp":1.33,"id":3800907}]}]}
{"op":"mcm","clk":"7794608022","pt":1540980600681,"mc":[{"id":"1.150458385","rc":[{"ltp":3.75,"id":7795290},{"ltp":1.36,"id":3800907}]}]}
{"op":"mcm","clk":"7794614977","pt":1540980660090,"mc":[{"id":"1.150458385","rc":[{"ltp":3.8,"id":7795290},{"ltp":1.37,"id":3800907}]}]}
{"op":"mcm","clk":"7794619939","pt":1540980720638,"mc":[{"id":"1.150458385","rc":[{"ltp":3.85,"id":7795290},{"ltp":1.32,"id":3800907}]}]}
{"op":"mcm","clk":"7794624512","pt":1540980780717,"mc":[{"id":"1.150458385","rc":[{"ltp":4.0,"id":7795290}]}]}
{"op":"mcm","clk":"7794629697","pt":1540980840510,"mc":[{"id":"1.150458385","rc":[{"ltp":4.4,"id":7795290},{"ltp":1.27,"id":3800907}]}]}
{"op":"mcm","clk":"7794635046","pt":1540980900736,"mc":[{"id":"1.150458385","rc":[{"ltp":4.5,"id":7795290},{"ltp":1.28,"id":3800907}]}]}
{"op":"mcm","clk":"7794640230","pt":1540980960598,"mc":[{"id":"1.150458385","rc":[{"ltp":4.6,"id":7795290},{"ltp":1.29,"id":3800907}]}]}
{"op":"mcm","clk":"7794645108","pt":1540981020640,"mc":[{"id":"1.150458385","rc":[{"ltp":4.4,"id":7795290}]}]}
{"op":"mcm","clk":"7794650106","pt":1540981080592,"mc":[{"id":"1.150458385","rc":[{"ltp":3.45,"id":7795290},{"ltp":1.4,"id":3800907}]}]}
{"op":"mcm","clk":"7794655170","pt":1540981140673,"mc":[{"id":"1.150458385","rc":[{"ltp":4.9,"id":7795290},{"ltp":1.26,"id":3800907}]}]}
{"op":"mcm","clk":"7794659718","pt":1540981200706,"mc":[{"id":"1.150458385","rc":[{"ltp":5.8,"id":7795290},{"ltp":1.21,"id":3800907}]}]}
{"op":"mcm","clk":"7794663998","pt":1540981260754,"mc":[{"id":"1.150458385","rc":[{"ltp":4.7,"id":7795290},{"ltp":1.26,"id":3800907}]}]}
{"op":"mcm","clk":"7794668339","pt":1540981320726,"mc":[{"id":"1.150458385","rc":[{"ltp":4.5,"id":7795290},{"ltp":1.3,"id":3800907}]}]}
{"op":"mcm","clk":"7794686383","pt":1540981380719,"mc":[{"id":"1.150458385","rc":[{"ltp":5.2,"id":7795290},{"ltp":1.25,"id":3800907}]}]}
{"op":"mcm","clk":"7794691582","pt":1540981440749,"mc":[{"id":"1.150458385","rc":[{"ltp":5.8,"id":7795290},{"ltp":1.22,"id":3800907}]}]}
{"op":"mcm","clk":"7794696094","pt":1540981499931,"mc":[{"id":"1.150458385","rc":[{"ltp":5.7,"id":7795290},{"ltp":1.21,"id":3800907}]}]}
{"op":"mcm","clk":"7794700619","pt":1540981560670,"mc":[{"id":"1.150458385","rc":[{"ltp":8.0,"id":7795290},{"ltp":1.13,"id":3800907}]}]}
{"op":"mcm","clk":"7794705388","pt":1540981620613,"mc":[{"id":"1.150458385","rc":[{"ltp":13.0,"id":7795290},{"ltp":1.09,"id":3800907}]}]}
{"op":"mcm","clk":"7794710309","pt":1540981680658,"mc":[{"id":"1.150458385","rc":[{"ltp":13.5,"id":7795290},{"ltp":1.08,"id":3800907}]}]}
{"op":"mcm","clk":"7794715358","pt":1540981740644,"mc":[{"id":"1.150458385","rc":[{"ltp":9.4,"id":7795290},{"ltp":1.13,"id":3800907}]}]}
{"op":"mcm","clk":"7794720330","pt":1540981800614,"mc":[{"id":"1.150458385","rc":[{"ltp":6.2,"id":7795290},{"ltp":1.19,"id":3800907}]}]}
{"op":"mcm","clk":"7794726855","pt":1540981860638,"mc":[{"id":"1.150458385","rc":[{"ltp":5.9,"id":7795290}]}]}
{"op":"mcm","clk":"7794732804","pt":1540981920665,"mc":[{"id":"1.150458385","rc":[{"ltp":6.0,"id":7795290},{"ltp":1.2,"id":3800907}]}]}
{"op":"mcm","clk":"7794738020","pt":1540981980222,"mc":[{"id":"1.150458385","rc":[{"ltp":7.8,"id":7795290},{"ltp":1.15,"id":3800907}]}]}
{"op":"mcm","clk":"7794743146","pt":1540982040563,"mc":[{"id":"1.150458385","rc":[{"ltp":8.6,"id":7795290},{"ltp":1.12,"id":3800907}]}]}
{"op":"mcm","clk":"7794747601","pt":1540982100158,"mc":[{"id":"1.150458385","rc":[{"ltp":15.0,"id":7795290},{"ltp":1.07,"id":3800907}]}]}
{"op":"mcm","clk":"7794752909","pt":1540982160762,"mc":[{"id":"1.150458385","rc":[{"ltp":14.0,"id":7795290},{"ltp":1.08,"id":3800907}]}]}
{"op":"mcm","clk":"7794757520","pt":1540982220349,"mc":[{"id":"1.150458385","rc":[{"ltp":21.0,"id":7795290},{"ltp":1.05,"id":3800907}]}]}
{"op":"mcm","clk":"7794775450","pt":1540982280415,"mc":[{"id":"1.150458385","rc":[{"ltp":9.4,"id":7795290},{"ltp":1.12,"id":3800907}]}]}
{"op":"mcm","clk":"7794780653","pt":1540982340676,"mc":[{"id":"1.150458385","rc":[{"ltp":6.6,"id":7795290},{"ltp":1.18,"id":3800907}]}]}
{"op":"mcm","clk":"7794785270","pt":1540982400746,"mc":[{"id":"1.150458385","rc":[{"ltp":6.4,"id":7795290}]}]}
{"op":"mcm","clk":"7794789810","pt":1540982460726,"mc":[{"id":"1.150458385","rc":[{"ltp":4.8,"id":7795290},{"ltp":1.27,"id":3800907}]}]}
{"op":"mcm","clk":"7794794654","pt":1540982520681,"mc":[{"id":"1.150458385","rc":[{"ltp":4.4,"id":7795290},{"ltp":1.3,"id":3800907}]}]}
{"op":"mcm","clk":"7794799600","pt":1540982580688,"mc":[{"id":"1.150458385","rc":[{"ltp":4.3,"id":7795290},{"ltp":1.29,"id":3800907}]}]}
{"op":"mcm","clk":"7794804657","pt":1540982640350,"mc":[{"id":"1.150458385","rc":[{"ltp":4.7,"id":7795290},{"ltp":1.27,"id":3800907}]}]}
{"op":"mcm","clk":"7794809925","pt":1540982700258,"mc":[{"id":"1.150458385","rc":[{"ltp":5.0,"id":7795290},{"ltp":1.26,"id":3800907}]}]}
{"op":"mcm","clk":"7794815019","pt":1540982760526,"mc":[{"id":"1.150458385","rc":[{"ltp":6.2,"id":7795290},{"ltp":1.19,"id":3800907}]}]}
{"op":"mcm","clk":"7794819777","pt":1540982820742,"mc":[{"id":"1.150458385","rc":[{"ltp":6.4,"id":7795290},{"ltp":1.18,"id":3800907}]}]}
{"op":"mcm","clk":"7794824804","pt":1540982880687,"mc":[{"id":"1.150458385","rc":[{"ltp":5.3,"id":7795290},{"ltp":1.19,"id":3800907}]}]}
{"op":"mcm","clk":"7794829392","pt":1540982940455,"mc":[{"id":"1.150458385","rc":[{"ltp":5.1,"id":7795290},{"ltp":1.23,"id":3800907}]}]}
{"op":"mcm","clk":"7794834425","pt":1540983000563,"mc":[{"id":"1.150458385","rc":[{"ltp":12.0,"id":7795290},{"ltp":1.08,"id":3800907}]}]}
{"op":"mcm","clk":"7794838318","pt":1540983060736,"mc":[{"id":"1.150458385","rc":[{"ltp":4.8,"id":7795290},{"ltp":1.25,"id":3800907}]}]}
{"op":"mcm","clk":"7794842984","pt":1540983120603,"mc":[{"id":"1.150458385","rc":[{"ltp":13.5,"id":7795290},{"ltp":1.08,"id":3800907}]}]}
{"op":"mcm","clk":"7794859928","pt":1540983169752,"mc":[{"id":"1.150458385","marketDefinition":{"bspMarket":false,"turnInPlayEnabled":true,"persistenceEnabled":true,"marketBaseRate":5.0,"eventId":"28984330","eventTypeId":"2","numberOfWinners":1,"bettingType":"ODDS","marketType":"MATCH_ODDS","marketTime":"2018-10-31T09:28:00.000Z","suspendTime":"2018-10-31T09:28:00.000Z","bspReconciled":false,"complete":true,"inPlay":true,"crossMatching":true,"runnersVoidable":false,"numberOfActiveRunners":2,"betDelay":5,"status":"SUSPENDED","runners":[{"status":"ACTIVE","sortPriority":1,"id":7795290,"name":"Daria Kasatkina"},{"status":"ACTIVE","sortPriority":2,"id":3800907,"name":"Madison Keys"}],"regulators":["MR_INT"],"countryCode":"CN","discountAllowed":true,"timezone":"UTC","openDate":"2018-10-31T09:28:00.000Z","version":2487177225,"name":"Match Odds","eventName":"Kasatkina v Keys"},"rc":[{"ltp":15.0,"id":7795290},{"ltp":1.07,"id":3800907}]}]}
{"op":"mcm","clk":"7794862176","pt":1540983199735,"mc":[{"id":"1.150458385","marketDefinition":{"bspMarket":false,"turnInPlayEnabled":true,"persistenceEnabled":true,"marketBaseRate":5.0,"eventId":"28984330","eventTypeId":"2","numberOfWinners":1,"bettingType":"ODDS","marketType":"MATCH_ODDS","marketTime":"2018-10-31T09:28:00.000Z","suspendTime":"2018-10-31T09:28:00.000Z","bspReconciled":false,"complete":true,"inPlay":true,"crossMatching":false,"runnersVoidable":false,"numberOfActiveRunners":0,"betDelay":5,"status":"CLOSED","settledTime":"2018-10-31T10:52:48.000Z","runners":[{"status":"LOSER","sortPriority":1,"id":7795290,"name":"Daria Kasatkina"},{"status":"WINNER","sortPriority":2,"id":3800907,"name":"Madison Keys"}],"regulators":["MR_INT"],"countryCode":"CN","discountAllowed":true,"timezone":"UTC","openDate":"2018-10-31T09:28:00.000Z","version":2487177307,"name":"Match Odds","eventName":"Kasatkina v Keys"}}]}
