{"op":"mcm","clk":"7776905245","pt":1540226987194,"mc":[{"id":"1.150018921","marketDefinition":{"bspMarket":false,"turnInPlayEnabled":true,"persistenceEnabled":true,"marketBaseRate":5.0,"eventId":"28970597","eventTypeId":"2","numberOfWinners":1,"bettingType":"ODDS","marketType":"MATCH_ODDS","marketTime":"2018-10-24T11:30:00.000Z","suspendTime":"2018-10-24T11:30:00.000Z","bspReconciled":false,"complete":true,"inPlay":false,"crossMatching":true,"runnersVoidable":false,"numberOfActiveRunners":2,"betDelay":0,"status":"OPEN","runners":[{"status":"ACTIVE","sortPriority":1,"id":2411840,"name":"Angelique Kerber"},{"status":"ACTIVE","sortPriority":2,"id":7640637,"name":"Naomi Osaka"}],"regulators":["MR_INT"],"countryCode":"SG","discountAllowed":true,"timezone":"UTC","openDate":"2018-10-24T11:30:00.000Z","version":2470838025,"name":"Match Odds","eventName":"Kerber v N Osaka"}}]}
{"op":"mcm","clk":"7777318149","pt":1540230701934,"mc":[{"id":"1.150018921","rc":[{"ltp":2.0,"id":2411840}]}]}
{"op":"mcm","clk":"7777529895","pt":1540232441012,"mc":[{"id":"1.150018921","rc":[{"ltp":2.08,"id":2411840}]}]}
{"op":"mcm","clk":"7777944533","pt":1540235634466,"mc":[{"id":"1.150018921","rc":[{"ltp":2.18,"id":2411840}]}]}
{"op":"mcm","clk":"7778567445","pt":1540240973432,"mc":[{"id":"1.150018921","rc":[{"ltp":1.82,"id":7640637}]}]}
{"op":"mcm","clk":"7778575475","pt":1540241138789,"mc":[{"id":"1.150018921","rc":[{"ltp":1.8,"id":7640637}]}]}
{"op":"mcm","clk":"7780198941","pt":1540267514371,"mc":[{"id":"1.150018921","rc":[{"ltp":2.12,"id":2411840}]}]}
{"op":"mcm","clk":"7781165695","pt":1540284653694,"mc":[{"id":"1.150018921","rc":[{"ltp":1.89,"id":7640637}]}]}
{"op":"mcm","clk":"7781776245","pt":1540292086463,"mc":[{"id":"1.150018921","rc":[{"ltp":1.84,"id":7640637}]}]}
{"op":"mcm","clk":"7781968047","pt":1540294349547,"mc":[{"id":"1.150018921","rc":[{"ltp":2.16,"id":2411840},{"ltp":1.85,"id":7640637}]}]}
{"op":"mcm","clk":"7783143102","pt":1540305622467,"mc":[{"id":"1.150018921","rc":[{"ltp":1.83,"id":7640637}]}]}
{"op":"mcm","clk":"7783641851","pt":1540310814955,"mc":[{"id":"1.150018921","rc":[{"ltp":2.12,"id":2411840},{"ltp":1.85,"id":7640637}]}]}
{"op":"mcm","clk":"7783735503","pt":1540311712713,"mc":[{"id":"1.150018921","rc":[{"ltp":2.1,"id":2411840},{"ltp":1.92,"id":7640637}]}]}
{"op":"mcm","clk":"7783801276","pt":1540312234344,"mc":[{"id":"1.150018921","rc":[{"ltp":2.12,"id":2411840}]}]}
{"op":"mcm","clk":"7784129420","pt":1540315003715,"mc":[{"id":"1.150018921","rc":[{"ltp":1.89,"id":7640637}]}]}
{"op":"mcm","clk":"7784359979","pt":1540316672543,"mc":[{"id":"1.150018921","rc":[{"ltp":1.9,"id":7640637}]}]}
{"op":"mcm","clk":"7784581510","pt":1540318314197,"mc":[{"id":"1.150018921","rc":[{"ltp":1.89,"id":7640637}]}]}
{"op":"mcm","clk":"7784833330","pt":1540319953624,"mc":[{"id":"1.150018921","rc":[{"ltp":1.84,"id":7640637}]}]}
{"op":"mcm","clk":"7785889364","pt":1540325845419,"mc":[{"id":"1.150018921","rc":[{"ltp":1.9,"id":7640637}]}]}
{"op":"mcm","clk":"7785924079","pt":1540326071905,"mc":[{"id":"1.150018921","rc":[{"ltp":1.84,"id":7640637}]}]}
{"op":"mcm","clk":"7786133591","pt":1540327842668,"mc":[{"id":"1.150018921","rc":[{"ltp":1.9,"id":7640637}]}]}
{"op":"mcm","clk":"7786203131","pt":1540329144282,"mc":[{"id":"1.150018921","rc":[{"ltp":2.1,"id":2411840},{"ltp":1.85,"id":7640637}]}]}
{"op":"mcm","clk":"7786209361","pt":1540329338966,"mc":[{"id":"1.150018921","rc":[{"ltp":2.18,"id":2411840}]}]}
{"op":"mcm","clk":"7786255337","pt":1540330536576,"mc":[{"id":"1.150018921","rc":[{"ltp":2.14,"id":2411840}]}]}
{"op":"mcm","clk":"7786256952","pt":1540330614483,"mc":[{"id":"1.150018921","rc":[{"ltp":2.08,"id":2411840},{"ltp":1.92,"id":7640637}]}]}
{"op":"mcm","clk":"7786257969","pt":1540330657479,"mc":[{"id":"1.150018921","rc":[{"ltp":2.06,"id":2411840}]}]}
{"op":"mcm","clk":"7786260746","pt":1540330794210,"mc":[{"id":"1.150018921","rc":[{"ltp":2.14,"id":2411840},{"ltp":1.87,"id":7640637}]}]}
{"op":"mcm","clk":"7786262033","pt":1540330842480,"mc":[{"id":"1.150018921","rc":[{"ltp":2.12,"id":2411840},{"ltp":1.89,"id":7640637}]}]}
{"op":"mcm","clk":"7786263616","pt":1540330910187,"mc":[{"id":"1.150018921","rc":[{"ltp":2.18,"id":2411840},{"ltp":1.85,"id":7640637}]}]}
{"op":"mcm","clk":"7786274580","pt":1540330972403,"mc":[{"id":"1.150018921","rc":[{"ltp":2.22,"id":2411840},{"ltp":1.82,"id":7640637}]}]}
{"op":"mcm","clk":"7786289265","pt":1540331545087,"mc":[{"id":"1.150018921","rc":[{"ltp":2.14,"id":2411840}]}]}
{"op":"mcm","clk":"7786324057","pt":1540332592333,"mc":[{"id":"1.150018921","rc":[{"ltp":1.83,"id":7640637}]}]}
{"op":"mcm","clk":"7786352501","pt":1540333304673,"mc":[{"id":"1.150018921","rc":[{"ltp":2.12,"id":2411840}]}]}
{"op":"mcm","clk":"7786470580","pt":1540335762575,"mc":[{"id":"1.150018921","rc":[{"ltp":1.89,"id":7640637}]}]}
{"op":"mcm","clk":"7786538052","pt":1540337069802,"mc":[{"id":"1.150018921","rc":[{"ltp":2.16,"id":2411840},{"ltp":1.86,"id":7640637}]}]}
{"op":"mcm","clk":"7786566146","pt":1540337487608,"mc":[{"id":"1.150018921","rc":[{"ltp":2.12,"id":2411840}]}]}
{"op":"mcm","clk":"7786658382","pt":1540339547049,"mc":[{"id":"1.150018921","rc":[{"ltp":1.88,"id":7640637}]}]}
{"op":"mcm","clk":"7786710742","pt":1540340639176,"mc":[{"id":"1.150018921","rc":[{"ltp":2.14,"id":2411840}]}]}
{"op":"mcm","clk":"7786754925","pt":1540341506464,"mc":[{"id":"1.150018921","rc":[{"ltp":2.1,"id":2411840},{"ltp":1.91,"id":7640637}]}]}
{"op":"mcm","clk":"7786984868","pt":1540346324937,"mc":[{"id":"1.150018921","rc":[{"ltp":1.89,"id":7640637}]}]}
{"op":"mcm","clk":"7787033802","pt":1540347350974,"mc":[{"id":"1.150018921","rc":[{"ltp":2.12,"id":2411840}]}]}
{"op":"mcm","clk":"7787038026","pt":1540347444929,"mc":[{"id":"1.150018921","rc":[{"ltp":1.91,"id":7640637}]}]}
{"op":"mcm","clk":"7787043678","pt":1540347566048,"mc":[{"id":"1.150018921","rc":[{"ltp":1.9,"id":7640637}]}]}
{"op":"mcm","clk":"7787142750","pt":1540349199837,"mc":[{"id":"1.150018921","rc":[{"ltp":1.88,"id":7640637}]}]}
{"op":"mcm","clk":"7787152357","pt":1540349439893,"mc":[{"id":"1.150018921","rc":[{"ltp":1.9,"id":7640637}]}]}
{"op":"mcm","clk":"7787193332","pt":1540350244346,"mc":[{"id":"1.150018921","rc":[{"ltp":2.16,"id":2411840},{"ltp":1.88,"id":7640637}]}]}
{"op":"mcm","clk":"7787241379","pt":1540351187782,"mc":[{"id":"1.150018921","rc":[{"ltp":2.12,"id":2411840}]}]}
{"op":"mcm","clk":"7787249846","pt":1540351406426,"mc":[{"id":"1.150018921","rc":[{"ltp":1.9,"id":7640637}]}]}
{"op":"mcm","clk":"7787252545","pt":1540351487245,"mc":[{"id":"1.150018921","rc":[{"ltp":1.91,"id":7640637}]}]}
{"op":"mcm","clk":"7787254008","pt":1540351529512,"mc":[{"id":"1.150018921","rc":[{"ltp":2.1,"id":2411840}]}]}
{"op":"mcm","clk":"7787278757","pt":1540351951406,"mc":[{"id":"1.150018921","rc":[{"ltp":1.88,"id":7640637}]}]}
{"op":"mcm","clk":"7787373300","pt":1540353885469,"mc":[{"id":"1.150018921","rc":[{"ltp":2.12,"id":2411840}]}]}
{"op":"mcm","clk":"7787417971","pt":1540354787858,"mc":[{"id":"1.150018921","rc":[{"ltp":2.16,"id":2411840},{"ltp":1.85,"id":7640637}]}]}
{"op":"mcm","clk":"7787516682","pt":1540356932987,"mc":[{"id":"1.150018921","rc":[{"ltp":2.14,"id":2411840}]}]}
{"op":"mcm","clk":"7787545420","pt":1540357427937,"mc":[{"id":"1.150018921","rc":[{"ltp":2.12,"id":2411840}]}]}
{"op":"mcm","clk":"7787606525","pt":1540358784864,"mc":[{"id":"1.150018921","rc":[{"ltp":2.18,"id":2411840},{"ltp":1.87,"id":7640637}]}]}
{"op":"mcm","clk":"7787675736","pt":1540360191936,"mc":[{"id":"1.150018921","rc":[{"ltp":2.14,"id":2411840}]}]}
{"op":"mcm","clk":"7787683040","pt":1540360402852,"mc":[{"id":"1.150018921","rc":[{"ltp":2.12,"id":2411840}]}]}
{"op":"mcm","clk":"7787722983","pt":1540361254830,"mc":[{"id":"1.150018921","rc":[{"ltp":1.88,"id":7640637}]}]}
{"op":"mcm","clk":"7787769154","pt":1540362157391,"mc":[{"id":"1.150018921","rc":[{"ltp":1.89,"id":7640637}]}]}
{"op":"mcm","clk":"7787775461","pt":1540362273765,"mc":[{"id":"1.150018921","rc":[{"ltp":2.14,"id":2411840},{"ltp":1.87,"id":7640637}]}]}
{"op":"mcm","clk":"7787897085","pt":1540364422857,"mc":[{"id":"1.150018921","rc":[{"ltp":2.12,"id":2411840}]}]}
{"op":"mcm","clk":"7787919154","pt":1540364915315,"mc":[{"id":"1.150018921","rc":[{"ltp":2.16,"id":2411840}]}]}
{"op":"mcm","clk":"7787938671","pt":1540365146572,"mc":[{"id":"1.150018921","rc":[{"ltp":2.12,"id":2411840}]}]}
{"op":"mcm","clk":"7787946867","pt":1540365391442,"mc":[{"id":"1.150018921","rc":[{"ltp":1.86,"id":7640637}]}]}
{"op":"mcm","clk":"7787996966","pt":1540366421990,"mc":[{"id":"1.150018921","rc":[{"ltp":2.14,"id":2411840},{"ltp":1.88,"id":7640637}]}]}
{"op":"mcm","clk":"7788034309","pt":1540367134433,"mc":[{"id":"1.150018921","rc":[{"ltp":1.9,"id":7640637}]}]}
{"op":"mcm","clk":"7788051203","pt":1540367542185,"mc":[{"id":"1.150018921","rc":[{"ltp":2.12,"id":2411840},{"ltp":1.89,"id":7640637}]}]}
{"op":"mcm","clk":"7788058737","pt":1540367710916,"mc":[{"id":"1.150018921","rc":[{"ltp":2.1,"id":2411840}]}]}
{"op":"mcm","clk":"7788063329","pt":1540367799391,"mc":[{"id":"1.150018921","rc":[{"ltp":1.9,"id":7640637}]}]}
{"op":"mcm","clk":"7788103804","pt":1540368352729,"mc":[{"id":"1.150018921","rc":[{"ltp":1.89,"id":7640637}]}]}
{"op":"mcm","clk":"7788106213","pt":1540368402057,"mc":[{"id":"1.150018921","rc":[{"ltp":2.12,"id":2411840}]}]}
{"op":"mcm","clk":"7788158506","pt":1540369244491,"mc":[{"id":"1.150018921","rc":[{"ltp":1.9,"id":7640637}]}]}
{"op":"mcm","clk":"7788166123","pt":1540369399647,"mc":[{"id":"1.150018921","rc":[{"ltp":1.89,"id":7640637}]}]}
{"op":"mcm","clk":"7788176850","pt":1540369588893,"mc":[{"id":"1.150018921","rc":[{"ltp":1.9,"id":7640637}]}]}
{"op":"mcm","clk":"7788195816","pt":1540369745587,"mc":[{"id":"1.150018921","rc":[{"ltp":2.1,"id":2411840}]}]}
{"op":"mcm","clk":"7788204281","pt":1540369906342,"mc":[{"id":"1.150018921","rc":[{"ltp":2.12,"id":2411840}]}]}
{"op":"mcm","clk":"7788214483","pt":1540370086271,"mc":[{"id":"1.150018921","rc":[{"ltp":2.1,"id":2411840}]}]}
{"op":"mcm","clk":"7788217592","pt":1540370143589,"mc":[{"id":"1.150018921","rc":[{"ltp":1.91,"id":7640637}]}]}
{"op":"mcm","clk":"7788220574","pt":1540370199550,"mc":[{"id":"1.150018921","rc":[{"ltp":1.89,"id":7640637}]}]}
{"op":"mcm","clk":"7788232512","pt":1540370447541,"mc":[{"id":"1.150018921","rc":[{"ltp":1.91,"id":7640637}]}]}
{"op":"mcm","clk":"7788247327","pt":1540370551337,"mc":[{"id":"1.150018921","rc":[{"ltp":1.9,"id":7640637}]}]}
{"op":"mcm","clk":"7788251235","pt":1540370626642,"mc":[{"id":"1.150018921","rc":[{"ltp":1.91,"id":7640637}]}]}
{"op":"mcm","clk":"7788253664","pt":1540370676561,"mc":[{"id":"1.150018921","rc":[{"ltp":1.9,"id":7640637}]}]}
{"op":"mcm","clk":"7788257736","pt":1540370754845,"mc":[{"id":"1.150018921","rc":[{"ltp":1.91,"id":7640637}]}]}
{"op":"mcm","clk":"7788260860","pt":1540370806926,"mc":[{"id":"1.150018921","rc":[{"ltp":2.08,"id":2411840}]}]}
{"op":"mcm","clk":"7788263628","pt":1540370862275,"mc":[{"id":"1.150018921","rc":[{"ltp":1.9,"id":7640637}]}]}
{"op":"mcm","clk":"7788277871","pt":1540371174927,"mc":[{"id":"1.150018921","rc":[{"ltp":2.12,"id":2411840},{"ltp":1.88,"id":7640637}]}]}
{"op":"mcm","clk":"7788284567","pt":1540371322461,"mc":[{"id":"1.150018921","rc":[{"ltp":2.14,"id":2411840}]}]}
{"op":"mcm","clk":"7788304375","pt":1540371514129,"mc":[{"id":"1.150018921","rc":[{"ltp":1.89,"id":7640637}]}]}
{"op":"mcm","clk":"7788318645","pt":1540371740871,"mc":[{"id":"1.150018921","rc":[{"ltp":1.9,"id":7640637}]}]}
{"op":"mcm","clk":"7788333794","pt":1540371955253,"mc":[{"id":"1.150018921","rc":[{"ltp":2.1,"id":2411840},{"ltp":1.91,"id":7640637}]}]}
{"op":"mcm","clk":"7788337749","pt":1540372003798,"mc":[{"id":"1.150018921","rc":[{"ltp":2.08,"id":2411840},{"ltp":1.9,"id":7640637}]}]}
{"op":"mcm","clk":"7788370798","pt":1540372371908,"mc":[{"id":"1.150018921","rc":[{"ltp":1.92,"id":7640637}]}]}
{"op":"mcm","clk":"7788384657","pt":1540372605679,"mc":[{"id":"1.150018921","rc":[{"ltp":2.1,"id":2411840},{"ltp":1.91,"id":7640637}]}]}
{"op":"mcm","clk":"7788406570","pt":1540372975375,"mc":[{"id":"1.150018921","rc":[{"ltp":2.12,"id":2411840}]}]}
{"op":"mcm","clk":"7788414112","pt":1540373081580,"mc":[{"id":"1.150018921","rc":[{"ltp":2.08,"id":2411840}]}]}
{"op":"mcm","clk":"7788443286","pt":1540373329305,"mc":[{"id":"1.150018921","rc":[{"ltp":2.1,"id":2411840}]}]}
{"op":"mcm","clk":"7788468090","pt":1540373640409,"mc":[{"id":"1.150018921","rc":[{"ltp":1.92,"id":7640637}]}]}
{"op":"mcm","clk":"7788476882","pt":1540373744636,"mc":[{"id":"1.150018921","rc":[{"ltp":2.08,"id":2411840}]}]}
{"op":"mcm","clk":"7788500284","pt":1540374046787,"mc":[{"id":"1.150018921","rc":[{"ltp":1.91,"id":7640637}]}]}
{"op":"mcm","clk":"7788546647","pt":1540374471629,"mc":[{"id":"1.150018921","rc":[{"ltp":2.1,"id":2411840},{"ltp":1.9,"id":7640637}]}]}
{"op":"mcm","clk":"7788551772","pt":1540374535141,"mc":[{"id":"1.150018921","rc":[{"ltp":1.88,"id":7640637}]}]}
{"op":"mcm","clk":"7788560932","pt":1540374653356,"mc":[{"id":"1.150018921","rc":[{"ltp":1.89,"id":7640637}]}]}
{"op":"mcm","clk":"7788569946","pt":1540374761484,"mc":[{"id":"1.150018921","rc":[{"ltp":2.12,"id":2411840}]}]}
{"op":"mcm","clk":"7788613385","pt":1540375132969,"mc":[{"id":"1.150018921","rc":[{"ltp":2.14,"id":2411840}]}]}
{"op":"mcm","clk":"7788631372","pt":1540375309639,"mc":[{"id":"1.150018921","rc":[{"ltp":1.88,"id":7640637}]}]}
{"op":"mcm","clk":"7788650095","pt":1540375491573,"mc":[{"id":"1.150018921","rc":[{"ltp":2.12,"id":2411840}]}]}
{"op":"mcm","clk":"7788676090","pt":1540375733009,"mc":[{"id":"1.150018921","rc":[{"ltp":1.89,"id":7640637}]}]}
{"op":"mcm","clk":"7788689664","pt":1540375855253,"mc":[{"id":"1.150018921","rc":[{"ltp":1.9,"id":7640637}]}]}
{"op":"mcm","clk":"7788696286","pt":1540375913138,"mc":[{"id":"1.150018921","rc":[{"ltp":2.1,"id":2411840},{"ltp":1.91,"id":7640637}]}]}
{"op":"mcm","clk":"7788711654","pt":1540375970680,"mc":[{"id":"1.150018921","rc":[{"ltp":1.9,"id":7640637}]}]}
{"op":"mcm","clk":"7788717787","pt":1540376026903,"mc":[{"id":"1.150018921","rc":[{"ltp":1.91,"id":7640637}]}]}
{"op":"mcm","clk":"7788737978","pt":1540376221524,"mc":[{"id":"1.150018921","rc":[{"ltp":1.92,"id":7640637}]}]}
{"op":"mcm","clk":"7788748851","pt":1540376334120,"mc":[{"id":"1.150018921","rc":[{"ltp":2.08,"id":2411840}]}]}
{"op":"mcm","clk":"7788754880","pt":1540376394855,"mc":[{"id":"1.150018921","rc":[{"ltp":2.1,"id":2411840},{"ltp":1.91,"id":7640637}]}]}
{"op":"mcm","clk":"7788796570","pt":1540376792844,"mc":[{"id":"1.150018921","rc":[{"ltp":1.9,"id":7640637}]}]}
{"op":"mcm","clk":"7788839003","pt":1540377112176,"mc":[{"id":"1.150018921","rc":[{"ltp":1.92,"id":7640637}]}]}
{"op":"mcm","clk":"7788843527","pt":1540377152892,"mc":[{"id":"1.150018921","rc":[{"ltp":1.91,"id":7640637}]}]}
{"op":"mcm","clk":"7788853788","pt":1540377234754,"mc":[{"id":"1.150018921","rc":[{"ltp":1.92,"id":7640637}]}]}
{"op":"mcm","clk":"7788860516","pt":1540377293224,"mc":[{"id":"1.150018921","rc":[{"ltp":2.08,"id":2411840}]}]}
{"op":"mcm","clk":"7788866601","pt":1540377350350,"mc":[{"id":"1.150018921","rc":[{"ltp":2.1,"id":2411840}]}]}
{"op":"mcm","clk":"7788884180","pt":1540377513835,"mc":[{"id":"1.150018921","rc":[{"ltp":1.9,"id":7640637}]}]}
{"op":"mcm","clk":"7788895209","pt":1540377613449,"mc":[{"id":"1.150018921","rc":[{"ltp":1.91,"id":7640637}]}]}
{"op":"mcm","clk":"7788921284","pt":1540377760530,"mc":[{"id":"1.150018921","rc":[{"ltp":1.9,"id":7640637}]}]}
{"op":"mcm","clk":"7788928776","pt":1540377834720,"mc":[{"id":"1.150018921","rc":[{"ltp":2.08,"id":2411840},{"ltp":1.91,"id":7640637}]}]}
{"op":"mcm","clk":"7788950830","pt":1540378057047,"mc":[{"id":"1.150018921","rc":[{"ltp":1.9,"id":7640637}]}]}
{"op":"mcm","clk":"7788961538","pt":1540378167131,"mc":[{"id":"1.150018921","rc":[{"ltp":1.91,"id":7640637}]}]}
{"op":"mcm","clk":"7788967500","pt":1540378230313,"mc":[{"id":"1.150018921","rc":[{"ltp":1.9,"id":7640637}]}]}
{"op":"mcm","clk":"7788980830","pt":1540378366397,"mc":[{"id":"1.150018921","rc":[{"ltp":1.91,"id":7640637}]}]}
{"op":"mcm","clk":"7788986143","pt":1540378421519,"mc":[{"id":"1.150018921","rc":[{"ltp":2.12,"id":2411840}]}]}
{"op":"mcm","clk":"7789000661","pt":1540378555308,"mc":[{"id":"1.150018921","rc":[{"ltp":1.89,"id":7640637}]}]}
{"op":"mcm","clk":"7789004985","pt":1540378597471,"mc":[{"id":"1.150018921","rc":[{"ltp":2.14,"id":2411840},{"ltp":1.88,"id":7640637}]}]}
{"op":"mcm","clk":"7789020703","pt":1540378658410,"mc":[{"id":"1.150018921","rc":[{"ltp":1.87,"id":7640637}]}]}
{"op":"mcm","clk":"7789028143","pt":1540378735376,"mc":[{"id":"1.150018921","rc":[{"ltp":2.12,"id":2411840}]}]}
{"op":"mcm","clk":"7789034213","pt":1540378792343,"mc":[{"id":"1.150018921","rc":[{"ltp":2.18,"id":2411840},{"ltp":1.85,"id":7640637}]}]}
{"op":"mcm","clk":"7789040971","pt":1540378851701,"mc":[{"id":"1.150018921","rc":[{"ltp":2.16,"id":2411840}]}]}
{"op":"mcm","clk":"7789047450","pt":1540378915347,"mc":[{"id":"1.150018921","rc":[{"ltp":2.18,"id":2411840},{"ltp":1.86,"id":7640637}]}]}
{"op":"mcm","clk":"7789054088","pt":1540378974901,"mc":[{"id":"1.150018921","rc":[{"ltp":2.16,"id":2411840}]}]}
{"op":"mcm","clk":"7789060378","pt":1540379033533,"mc":[{"id":"1.150018921","rc":[{"ltp":1.83,"id":7640637}]}]}
{"op":"mcm","clk":"7789065836","pt":1540379090988,"mc":[{"id":"1.150018921","rc":[{"ltp":2.18,"id":2411840},{"ltp":1.84,"id":7640637}]}]}
{"op":"mcm","clk":"7789086051","pt":1540379275353,"mc":[{"id":"1.150018921","rc":[{"ltp":2.16,"id":2411840}]}]}
{"op":"mcm","clk":"7789093088","pt":1540379335372,"mc":[{"id":"1.150018921","rc":[{"ltp":2.14,"id":2411840},{"ltp":1.88,"id":7640637}]}]}
{"op":"mcm","clk":"7789100079","pt":1540379392320,"mc":[{"id":"1.150018921","rc":[{"ltp":2.12,"id":2411840},{"ltp":1.87,"id":7640637}]}]}
{"op":"mcm","clk":"7789108048","pt":1540379455266,"mc":[{"id":"1.150018921","rc":[{"ltp":2.16,"id":2411840},{"ltp":1.85,"id":7640637}]}]}
{"op":"mcm","clk":"7789114904","pt":1540379514215,"mc":[{"id":"1.150018921","rc":[{"ltp":2.2,"id":2411840},{"ltp":1.84,"id":7640637}]}]}
{"op":"mcm","clk":"7789138106","pt":1540379629387,"mc":[{"id":"1.150018921","rc":[{"ltp":2.16,"id":2411840},{"ltp":1.87,"id":7640637}]}]}
{"op":"mcm","clk":"7789152007","pt":1540379755390,"mc":[{"id":"1.150018921","rc":[{"ltp":2.14,"id":2411840},{"ltp":1.86,"id":7640637}]}]}
{"op":"mcm","clk":"7789158446","pt":1540379815313,"mc":[{"id":"1.150018921","rc":[{"ltp":2.12,"id":2411840},{"ltp":1.89,"id":7640637}]}]}
{"op":"mcm","clk":"7789170662","pt":1540379934266,"mc":[{"id":"1.150018921","rc":[{"ltp":1.9,"id":7640637}]}]}
{"op":"mcm","clk":"7789181659","pt":1540380047343,"mc":[{"id":"1.150018921","rc":[{"ltp":2.1,"id":2411840}]}]}
{"op":"mcm","clk":"7789188224","pt":1540380114185,"mc":[{"id":"1.150018921","rc":[{"ltp":2.12,"id":2411840}]}]}
{"op":"mcm","clk":"7789194720","pt":1540380175269,"mc":[{"id":"1.150018921","rc":[{"ltp":2.1,"id":2411840}]}]}
{"op":"mcm","clk":"7789200955","pt":1540380229579,"mc":[{"id":"1.150018921","marketDefinition":{"bspMarket":false,"turnInPlayEnabled":true,"persistenceEnabled":true,"marketBaseRate":5.0,"eventId":"28970597","eventTypeId":"2","numberOfWinners":1,"bettingType":"ODDS","marketType":"MATCH_ODDS","marketTime":"2018-10-24T11:19:00.000Z","suspendTime":"2018-10-24T11:19:00.000Z","bspReconciled":false,"complete":true,"inPlay":false,"crossMatching":true,"runnersVoidable":false,"numberOfActiveRunners":2,"betDelay":0,"status":"OPEN","runners":[{"status":"ACTIVE","sortPriority":1,"id":2411840,"name":"Angelique Kerber"},{"status":"ACTIVE","sortPriority":2,"id":7640637,"name":"Naomi Osaka"}],"regulators":["MR_INT"],"countryCode":"SG","discountAllowed":true,"timezone":"UTC","openDate":"2018-10-24T11:19:00.000Z","version":2472998062,"name":"Match Odds","eventName":"Kerber v N Osaka"},"rc":[{"ltp":1.91,"id":7640637}]}]}
{"op":"mcm","clk":"7789208537","pt":1540380295367,"mc":[{"id":"1.150018921","rc":[{"ltp":1.9,"id":7640637}]}]}
{"op":"mcm","clk":"7789215736","pt":1540380354999,"mc":[{"id":"1.150018921","rc":[{"ltp":1.91,"id":7640637}]}]}
{"op":"mcm","clk":"7789239533","pt":1540380475202,"mc":[{"id":"1.150018921","rc":[{"ltp":2.08,"id":2411840}]}]}
{"op":"mcm","clk":"7789245954","pt":1540380533822,"mc":[{"id":"1.150018921","rc":[{"ltp":2.1,"id":2411840}]}]}
{"op":"mcm","clk":"7789252158","pt":1540380591864,"mc":[{"id":"1.150018921","rc":[{"ltp":1.9,"id":7640637}]}]}
{"op":"mcm","clk":"7789258827","pt":1540380649240,"mc":[{"id":"1.150018921","rc":[{"ltp":2.08,"id":2411840}]}]}
{"op":"mcm","clk":"7789264738","pt":1540380708622,"mc":[{"id":"1.150018921","rc":[{"ltp":2.1,"id":2411840},{"ltp":1.91,"id":7640637}]}]}
{"op":"mcm","clk":"7789271195","pt":1540380774023,"mc":[{"id":"1.150018921","rc":[{"ltp":1.9,"id":7640637}]}]}
{"op":"mcm","clk":"7789289085","pt":1540380950442,"mc":[{"id":"1.150018921","rc":[{"ltp":1.91,"id":7640637}]}]}
{"op":"mcm","clk":"7789301667","pt":1540381075040,"mc":[{"id":"1.150018921","rc":[{"ltp":2.14,"id":2411840},{"ltp":1.88,"id":7640637}]}]}
{"op":"mcm","clk":"7789307535","pt":1540381132815,"mc":[{"id":"1.150018921","rc":[{"ltp":2.12,"id":2411840}]}]}
{"op":"mcm","clk":"7789314076","pt":1540381194657,"mc":[{"id":"1.150018921","rc":[{"ltp":2.1,"id":2411840},{"ltp":1.9,"id":7640637}]}]}
{"op":"mcm","clk":"7789328082","pt":1540381314882,"mc":[{"id":"1.150018921","rc":[{"ltp":1.91,"id":7640637}]}]}
{"op":"mcm","clk":"7789344878","pt":1540381375071,"mc":[{"id":"1.150018921","marketDefinition":{"bspMarket":false,"turnInPlayEnabled":true,"persistenceEnabled":true,"marketBaseRate":5.0,"eventId":"28970597","eventTypeId":"2","numberOfWinners":1,"bettingType":"ODDS","marketType":"MATCH_ODDS","marketTime":"2018-10-24T11:19:00.000Z","suspendTime":"2018-10-24T11:19:00.000Z","bspReconciled":false,"complete":true,"inPlay":true,"crossMatching":true,"runnersVoidable":false,"numberOfActiveRunners":2,"betDelay":5,"status":"OPEN","runners":[{"status":"ACTIVE","sortPriority":1,"id":2411840,"name":"Angelique Kerber"},{"status":"ACTIVE","sortPriority":2,"id":7640637,"name":"Naomi Osaka"}],"regulators":["MR_INT"],"countryCode":"SG","discountAllowed":true,"timezone":"UTC","openDate":"2018-10-24T11:19:00.000Z","version":2473018512,"name":"Match Odds","eventName":"Kerber v N Osaka"},"rc":[{"ltp":2.0,"id":2411840},{"ltp":2.0,"id":7640637}]}]}
{"op":"mcm","clk":"7789351427","pt":1540381435272,"mc":[{"id":"1.150018921","rc":[{"ltp":1.76,"id":2411840},{"ltp":2.32,"id":7640637}]}]}
{"op":"mcm","clk":"7789358074","pt":1540381495394,"mc":[{"id":"1.150018921","rc":[{"ltp":1.68,"id":2411840},{"ltp":2.46,"id":7640637}]}]}
{"op":"mcm","clk":"7789365404","pt":1540381555394,"mc":[{"id":"1.150018921","rc":[{"ltp":1.89,"id":2411840},{"ltp":2.3,"id":7640637}]}]}
{"op":"mcm","clk":"7789372483","pt":1540381615306,"mc":[{"id":"1.150018921","rc":[{"ltp":2.08,"id":2411840},{"ltp":1.91,"id":7640637}]}]}
{"op":"mcm","clk":"7789379457","pt":1540381675304,"mc":[{"id":"1.150018921","rc":[{"ltp":1.93,"id":7640637}]}]}
{"op":"mcm","clk":"7789386279","pt":1540381735231,"mc":[{"id":"1.150018921","rc":[{"ltp":1.95,"id":2411840},{"ltp":2.04,"id":7640637}]}]}
{"op":"mcm","clk":"7789392448","pt":1540381795309,"mc":[{"id":"1.150018921","rc":[{"ltp":2.2,"id":2411840},{"ltp":1.81,"id":7640637}]}]}
{"op":"mcm","clk":"7789398964","pt":1540381855095,"mc":[{"id":"1.150018921","rc":[{"ltp":2.22,"id":2411840},{"ltp":1.82,"id":7640637}]}]}
{"op":"mcm","clk":"7789405383","pt":1540381915223,"mc":[{"id":"1.150018921","rc":[{"ltp":2.0,"id":2411840},{"ltp":2.02,"id":7640637}]}]}
{"op":"mcm","clk":"7789411873","pt":1540381975288,"mc":[{"id":"1.150018921","rc":[{"ltp":1.71,"id":2411840},{"ltp":2.4,"id":7640637}]}]}
{"op":"mcm","clk":"7789418232","pt":1540382034315,"mc":[{"id":"1.150018921","rc":[{"ltp":1.67,"id":2411840},{"ltp":2.44,"id":7640637}]}]}
{"op":"mcm","clk":"7789424614","pt":1540382095016,"mc":[{"id":"1.150018921","rc":[{"ltp":1.62,"id":2411840},{"ltp":2.6,"id":7640637}]}]}
{"op":"mcm","clk":"7789431442","pt":1540382153897,"mc":[{"id":"1.150018921","rc":[{"ltp":1.63,"id":2411840},{"ltp":2.58,"id":7640637}]}]}
{"op":"mcm","clk":"7789438594","pt":1540382215238,"mc":[{"id":"1.150018921","rc":[{"ltp":1.61,"id":2411840},{"ltp":2.82,"id":7640637}]}]}
{"op":"mcm","clk":"7789455890","pt":1540382275174,"mc":[{"id":"1.150018921","rc":[{"ltp":1.48,"id":2411840},{"ltp":3.05,"id":7640637}]}]}
{"op":"mcm","clk":"7789462364","pt":1540382335393,"mc":[{"id":"1.150018921","rc":[{"ltp":1.59,"id":2411840},{"ltp":2.74,"id":7640637}]}]}
{"op":"mcm","clk":"7789468744","pt":1540382395050,"mc":[{"id":"1.150018921","rc":[{"ltp":1.61,"id":2411840},{"ltp":2.6,"id":7640637}]}]}
{"op":"mcm","clk":"7789476116","pt":1540382455125,"mc":[{"id":"1.150018921","rc":[{"ltp":1.46,"id":2411840},{"ltp":3.15,"id":7640637}]}]}
{"op":"mcm","clk":"7789483252","pt":1540382514581,"mc":[{"id":"1.150018921","rc":[{"ltp":1.55,"id":2411840},{"ltp":2.94,"id":7640637}]}]}
{"op":"mcm","clk":"7789490064","pt":1540382575357,"mc":[{"id":"1.150018921","rc":[{"ltp":1.47,"id":2411840},{"ltp":3.3,"id":7640637}]}]}
{"op":"mcm","clk":"7789497009","pt":1540382635298,"mc":[{"id":"1.150018921","rc":[{"ltp":1.68,"id":2411840},{"ltp":2.48,"id":7640637}]}]}
{"op":"mcm","clk":"7789503857","pt":1540382695247,"mc":[{"id":"1.150018921","rc":[{"ltp":1.69,"id":2411840},{"ltp":2.46,"id":7640637}]}]}
{"op":"mcm","clk":"7789511177","pt":1540382754968,"mc":[{"id":"1.150018921","rc":[{"ltp":1.62,"id":2411840},{"ltp":2.62,"id":7640637}]}]}
{"op":"mcm","clk":"7789518854","pt":1540382814708,"mc":[{"id":"1.150018921","rc":[{"ltp":1.73,"id":2411840},{"ltp":2.34,"id":7640637}]}]}
{"op":"mcm","clk":"7789526718","pt":1540382874573,"mc":[{"id":"1.150018921","rc":[{"ltp":1.62,"id":2411840},{"ltp":2.64,"id":7640637}]}]}
{"op":"mcm","clk":"7789534607","pt":1540382935216,"mc":[{"id":"1.150018921","rc":[{"ltp":1.61,"id":2411840},{"ltp":2.6,"id":7640637}]}]}
{"op":"mcm","clk":"7789542685","pt":1540382995224,"mc":[{"id":"1.150018921","rc":[{"ltp":1.53,"id":2411840},{"ltp":2.88,"id":7640637}]}]}
{"op":"mcm","clk":"7789550953","pt":1540383053783,"mc":[{"id":"1.150018921","rc":[{"ltp":1.52,"id":2411840},{"ltp":2.92,"id":7640637}]}]}
{"op":"mcm","clk":"7789559645","pt":1540383115249,"mc":[{"id":"1.150018921","rc":[{"ltp":1.62,"id":2411840},{"ltp":2.66,"id":7640637}]}]}
{"op":"mcm","clk":"7789577892","pt":1540383174708,"mc":[{"id":"1.150018921","rc":[{"ltp":1.57,"id":2411840},{"ltp":2.72,"id":7640637}]}]}
{"op":"mcm","clk":"7789586585","pt":1540383235257,"mc":[{"id":"1.150018921","rc":[{"ltp":1.65,"id":2411840},{"ltp":2.5,"id":7640637}]}]}
{"op":"mcm","clk":"7789595016","pt":1540383295112,"mc":[{"id":"1.150018921","rc":[{"ltp":1.66,"id":2411840},{"ltp":2.52,"id":7640637}]}]}
{"op":"mcm","clk":"7789603007","pt":1540383355125,"mc":[{"id":"1.150018921","rc":[{"ltp":1.51,"id":2411840},{"ltp":2.92,"id":7640637}]}]}
{"op":"mcm","clk":"7789610412","pt":1540383414464,"mc":[{"id":"1.150018921","rc":[{"ltp":1.49,"id":2411840},{"ltp":3.15,"id":7640637}]}]}
{"op":"mcm","clk":"7789617985","pt":1540383475228,"mc":[{"id":"1.150018921","rc":[{"ltp":1.47,"id":2411840},{"ltp":3.0,"id":7640637}]}]}
{"op":"mcm","clk":"7789625299","pt":1540383535316,"mc":[{"id":"1.150018921","rc":[{"ltp":1.41,"id":2411840},{"ltp":3.4,"id":7640637}]}]}
{"op":"mcm","clk":"7789632039","pt":1540383595033,"mc":[{"id":"1.150018921","rc":[{"ltp":3.45,"id":7640637}]}]}
{"op":"mcm","clk":"7789638906","pt":1540383655066,"mc":[{"id":"1.150018921","rc":[{"ltp":1.45,"id":2411840},{"ltp":3.25,"id":7640637}]}]}
{"op":"mcm","clk":"7789646471","pt":1540383715177,"mc":[{"id":"1.150018921","rc":[{"ltp":1.56,"id":2411840},{"ltp":2.8,"id":7640637}]}]}
{"op":"mcm","clk":"7789653414","pt":1540383775369,"mc":[{"id":"1.150018921","rc":[{"ltp":1.55,"id":2411840},{"ltp":2.78,"id":7640637}]}]}
{"op":"mcm","clk":"7789660686","pt":1540383835047,"mc":[{"id":"1.150018921","rc":[{"ltp":1.57,"id":2411840},{"ltp":2.8,"id":7640637}]}]}
{"op":"mcm","clk":"7789668393","pt":1540383895353,"mc":[{"id":"1.150018921","rc":[{"ltp":1.84,"id":2411840},{"ltp":2.18,"id":7640637}]}]}
{"op":"mcm","clk":"7789676336","pt":1540383955185,"mc":[{"id":"1.150018921","rc":[{"ltp":1.83,"id":2411840},{"ltp":2.2,"id":7640637}]}]}
{"op":"mcm","clk":"7789684347","pt":1540384015217,"mc":[{"id":"1.150018921","rc":[{"ltp":1.6,"id":2411840},{"ltp":2.68,"id":7640637}]}]}
{"op":"mcm","clk":"7789710336","pt":1540384135356,"mc":[{"id":"1.150018921","rc":[{"ltp":1.61,"id":2411840},{"ltp":2.56,"id":7640637}]}]}
{"op":"mcm","clk":"7789718085","pt":1540384195409,"mc":[{"id":"1.150018921","rc":[{"ltp":1.39,"id":2411840},{"ltp":3.55,"id":7640637}]}]}
{"op":"mcm","clk":"7789725943","pt":1540384255356,"mc":[{"id":"1.150018921","rc":[{"ltp":1.38,"id":2411840},{"ltp":3.6,"id":7640637}]}]}
{"op":"mcm","clk":"7789733557","pt":1540384315251,"mc":[{"id":"1.150018921","rc":[{"ltp":3.65,"id":7640637}]}]}
{"op":"mcm","clk":"7789741349","pt":1540384375201,"mc":[{"id":"1.150018921","rc":[{"ltp":1.36,"id":2411840},{"ltp":3.6,"id":7640637}]}]}
{"op":"mcm","clk":"7789748661","pt":1540384435336,"mc":[{"id":"1.150018921","rc":[{"ltp":3.35,"id":7640637}]}]}
{"op":"mcm","clk":"7789756287","pt":1540384495325,"mc":[{"id":"1.150018921","rc":[{"ltp":1.48,"id":2411840},{"ltp":3.05,"id":7640637}]}]}
{"op":"mcm","clk":"7789764413","pt":1540384555268,"mc":[{"id":"1.150018921","rc":[{"ltp":1.68,"id":2411840},{"ltp":2.46,"id":7640637}]}]}
{"op":"mcm","clk":"7789772094","pt":1540384615222,"mc":[{"id":"1.150018921","rc":[{"ltp":1.74,"id":2411840},{"ltp":2.34,"id":7640637}]}]}
{"op":"mcm","clk":"7789780160","pt":1540384675403,"mc":[{"id":"1.150018921","rc":[{"ltp":1.81,"id":2411840},{"ltp":2.22,"id":7640637}]}]}
{"op":"mcm","clk":"7789787669","pt":1540384735402,"mc":[{"id":"1.150018921","rc":[{"ltp":1.71,"id":2411840},{"ltp":2.4,"id":7640637}]}]}
{"op":"mcm","clk":"7789795678","pt":1540384795010,"mc":[{"id":"1.150018921","rc":[{"ltp":1.7,"id":2411840},{"ltp":2.42,"id":7640637}]}]}
{"op":"mcm","clk":"7789804160","pt":1540384855398,"mc":[{"id":"1.150018921","rc":[{"ltp":1.9,"id":2411840},{"ltp":2.12,"id":7640637}]}]}
{"op":"mcm","clk":"7789812756","pt":1540384915182,"mc":[{"id":"1.150018921","rc":[{"ltp":1.77,"id":2411840},{"ltp":2.28,"id":7640637}]}]}
{"op":"mcm","clk":"7789831359","pt":1540384974845,"mc":[{"id":"1.150018921","rc":[{"ltp":1.62,"id":2411840},{"ltp":2.54,"id":7640637}]}]}
{"op":"mcm","clk":"7789840407","pt":1540385035384,"mc":[{"id":"1.150018921","rc":[{"ltp":1.53,"id":2411840},{"ltp":2.9,"id":7640637}]}]}
{"op":"mcm","clk":"7789849187","pt":1540385095133,"mc":[{"id":"1.150018921","rc":[{"ltp":1.52,"id":2411840},{"ltp":2.92,"id":7640637}]}]}
{"op":"mcm","clk":"7789858094","pt":1540385155380,"mc":[{"id":"1.150018921","rc":[{"ltp":1.53,"id":2411840},{"ltp":2.9,"id":7640637}]}]}
{"op":"mcm","clk":"7789867263","pt":1540385215345,"mc":[{"id":"1.150018921","rc":[{"ltp":1.63,"id":2411840},{"ltp":2.58,"id":7640637}]}]}
{"op":"mcm","clk":"7789876638","pt":1540385275407,"mc":[{"id":"1.150018921","rc":[{"ltp":1.55,"id":2411840},{"ltp":2.86,"id":7640637}]}]}
{"op":"mcm","clk":"7789885773","pt":1540385335312,"mc":[{"id":"1.150018921","rc":[{"ltp":1.84,"id":2411840},{"ltp":2.2,"id":7640637}]}]}
{"op":"mcm","clk":"7789894381","pt":1540385395411,"mc":[{"id":"1.150018921","rc":[{"ltp":1.73,"id":2411840},{"ltp":2.4,"id":7640637}]}]}
{"op":"mcm","clk":"7789903067","pt":1540385454918,"mc":[{"id":"1.150018921","rc":[{"ltp":1.54,"id":2411840},{"ltp":2.84,"id":7640637}]}]}
{"op":"mcm","clk":"7789910607","pt":1540385515261,"mc":[{"id":"1.150018921","rc":[{"ltp":1.52,"id":2411840},{"ltp":2.96,"id":7640637}]}]}
{"op":"mcm","clk":"7789918136","pt":1540385575396,"mc":[{"id":"1.150018921","rc":[{"ltp":1.48,"id":2411840},{"ltp":3.1,"id":7640637}]}]}
{"op":"mcm","clk":"7789925118","pt":1540385635213,"mc":[{"id":"1.150018921","rc":[{"ltp":1.47,"id":2411840},{"ltp":3.15,"id":7640637}]}]}
{"op":"mcm","clk":"7789932000","pt":1540385694968,"mc":[{"id":"1.150018921","rc":[{"ltp":3.1,"id":7640637}]}]}
{"op":"mcm","clk":"7789938907","pt":1540385755246,"mc":[{"id":"1.150018921","rc":[{"ltp":1.35,"id":2411840},{"ltp":3.75,"id":7640637}]}]}
{"op":"mcm","clk":"7789945641","pt":1540385815217,"mc":[{"id":"1.150018921","rc":[{"ltp":1.32,"id":2411840},{"ltp":4.1,"id":7640637}]}]}
{"op":"mcm","clk":"7789963003","pt":1540385875277,"mc":[{"id":"1.150018921","rc":[{"ltp":1.3,"id":2411840},{"ltp":4.3,"id":7640637}]}]}
{"op":"mcm","clk":"7789970791","pt":1540385935313,"mc":[{"id":"1.150018921","rc":[{"ltp":4.4,"id":7640637}]}]}
{"op":"mcm","clk":"7789978764","pt":1540385995278,"mc":[{"id":"1.150018921","rc":[{"ltp":1.37,"id":2411840},{"ltp":3.8,"id":7640637}]}]}
{"op":"mcm","clk":"7789987285","pt":1540386055407,"mc":[{"id":"1.150018921","rc":[{"ltp":3.7,"id":7640637}]}]}
{"op":"mcm","clk":"7789995858","pt":1540386115032,"mc":[{"id":"1.150018921","rc":[{"ltp":1.47,"id":2411840},{"ltp":3.2,"id":7640637}]}]}
{"op":"mcm","clk":"7790005035","pt":1540386175323,"mc":[{"id":"1.150018921","rc":[{"ltp":3.15,"id":7640637}]}]}
{"op":"mcm","clk":"7790015049","pt":1540386235345,"mc":[{"id":"1.150018921","rc":[{"ltp":1.36,"id":2411840},{"ltp":3.75,"id":7640637}]}]}
{"op":"mcm","clk":"7790025482","pt":1540386295397,"mc":[{"id":"1.150018921","rc":[{"ltp":1.3,"id":2411840},{"ltp":4.4,"id":7640637}]}]}
{"op":"mcm","clk":"7790036862","pt":1540386355411,"mc":[{"id":"1.150018921","rc":[{"ltp":1.17,"id":2411840},{"ltp":7.0,"id":7640637}]}]}
{"op":"mcm","clk":"7790047949","pt":1540386415359,"mc":[{"id":"1.150018921","rc":[{"ltp":1.1,"id":2411840},{"ltp":11.0,"id":7640637}]}]}
{"op":"mcm","clk":"7790059123","pt":1540386475218,"mc":[{"id":"1.150018921","rc":[{"ltp":1.08,"id":2411840},{"ltp":13.0,"id":7640637}]}]}
{"op":"mcm","clk":"7790070194","pt":1540386535392,"mc":[{"id":"1.150018921","rc":[{"ltp":1.09,"id":2411840}]}]}
{"op":"mcm","clk":"7790080509","pt":1540386595356,"mc":[{"id":"1.150018921","rc":[{"ltp":1.23,"id":2411840},{"ltp":5.5,"id":7640637}]}]}
{"op":"mcm","clk":"7790091214","pt":1540386655365,"mc":[{"id":"1.150018921","rc":[{"ltp":1.26,"id":2411840},{"ltp":4.8,"id":7640637}]}]}
{"op":"mcm","clk":"7790102690","pt":1540386715276,"mc":[{"id":"1.150018921","rc":[{"ltp":1.33,"id":2411840},{"ltp":3.9,"id":7640637}]}]}
{"op":"mcm","clk":"7790123580","pt":1540386775057,"mc":[{"id":"1.150018921","rc":[{"ltp":1.41,"id":2411840},{"ltp":3.45,"id":7640637}]}]}
{"op":"mcm","clk":"7790134777","pt":1540386835343,"mc":[{"id":"1.150018921","rc":[{"ltp":1.58,"id":2411840},{"ltp":2.66,"id":7640637}]}]}
{"op":"mcm","clk":"7790145411","pt":1540386895067,"mc":[{"id":"1.150018921","rc":[{"ltp":1.57,"id":2411840},{"ltp":2.74,"id":7640637}]}]}
{"op":"mcm","clk":"7790156532","pt":1540386955131,"mc":[{"id":"1.150018921","rc":[{"ltp":1.56,"id":2411840}]}]}
{"op":"mcm","clk":"7790168179","pt":1540387015377,"mc":[{"id":"1.150018921","rc":[{"ltp":1.76,"id":2411840},{"ltp":2.28,"id":7640637}]}]}
{"op":"mcm","clk":"7790179632","pt":1540387075257,"mc":[{"id":"1.150018921","rc":[{"ltp":2.16,"id":2411840},{"ltp":1.86,"id":7640637}]}]}
{"op":"mcm","clk":"7790191252","pt":1540387135327,"mc":[{"id":"1.150018921","rc":[{"ltp":2.14,"id":2411840}]}]}
{"op":"mcm","clk":"7790202325","pt":1540387195188,"mc":[{"id":"1.150018921","rc":[{"ltp":1.9,"id":7640637}]}]}
{"op":"mcm","clk":"7790213967","pt":1540387255392,"mc":[{"id":"1.150018921","rc":[{"ltp":2.1,"id":2411840},{"ltp":1.89,"id":7640637}]}]}
{"op":"mcm","clk":"7790225601","pt":1540387314670,"mc":[{"id":"1.150018921","rc":[{"ltp":1.9,"id":7640637}]}]}
{"op":"mcm","clk":"7790236925","pt":1540387375336,"mc":[{"id":"1.150018921","rc":[{"ltp":2.5,"id":2411840},{"ltp":1.65,"id":7640637}]}]}
{"op":"mcm","clk":"7790248571","pt":1540387435363,"mc":[{"id":"1.150018921","rc":[{"ltp":2.36,"id":2411840},{"ltp":1.76,"id":7640637}]}]}
{"op":"mcm","clk":"7790259615","pt":1540387495262,"mc":[{"id":"1.150018921","rc":[{"ltp":2.74,"id":2411840},{"ltp":1.57,"id":7640637}]}]}
{"op":"mcm","clk":"7790270325","pt":1540387555129,"mc":[{"id":"1.150018921","rc":[{"ltp":2.82,"id":2411840},{"ltp":1.55,"id":7640637}]}]}
{"op":"mcm","clk":"7790280511","pt":1540387615371,"mc":[{"id":"1.150018921","rc":[{"ltp":2.8,"id":2411840},{"ltp":1.51,"id":7640637}]}]}
{"op":"mcm","clk":"7790300086","pt":1540387675339,"mc":[{"id":"1.150018921","rc":[{"ltp":2.2,"id":2411840},{"ltp":1.84,"id":7640637}]}]}
{"op":"mcm","clk":"7790309426","pt":1540387735106,"mc":[{"id":"1.150018921","rc":[{"ltp":2.12,"id":2411840},{"ltp":1.89,"id":7640637}]}]}
{"op":"mcm","clk":"7790318451","pt":1540387795391,"mc":[{"id":"1.150018921","rc":[{"ltp":2.34,"id":2411840},{"ltp":1.74,"id":7640637}]}]}
{"op":"mcm","clk":"7790327520","pt":1540387855362,"mc":[{"id":"1.150018921","rc":[{"ltp":2.6,"id":2411840},{"ltp":1.61,"id":7640637}]}]}
{"op":"mcm","clk":"7790337327","pt":1540387914595,"mc":[{"id":"1.150018921","rc":[{"ltp":2.78,"id":2411840},{"ltp":1.56,"id":7640637}]}]}
{"op":"mcm","clk":"7790347464","pt":1540387974915,"mc":[{"id":"1.150018921","rc":[{"ltp":2.76,"id":2411840},{"ltp":1.57,"id":7640637}]}]}
{"op":"mcm","clk":"7790357467","pt":1540388035349,"mc":[{"id":"1.150018921","rc":[{"ltp":3.25,"id":2411840},{"ltp":1.55,"id":7640637}]}]}
{"op":"mcm","clk":"7790367246","pt":1540388095328,"mc":[{"id":"1.150018921","rc":[{"ltp":2.88,"id":2411840},{"ltp":1.53,"id":7640637}]}]}
{"op":"mcm","clk":"7790377310","pt":1540388155160,"mc":[{"id":"1.150018921","rc":[{"ltp":2.86,"id":2411840},{"ltp":1.54,"id":7640637}]}]}
{"op":"mcm","clk":"7790387903","pt":1540388215406,"mc":[{"id":"1.150018921","rc":[{"ltp":3.0,"id":2411840},{"ltp":1.5,"id":7640637}]}]}
{"op":"mcm","clk":"7790398397","pt":1540388275122,"mc":[{"id":"1.150018921","rc":[{"ltp":3.85,"id":2411840},{"ltp":1.35,"id":7640637}]}]}
{"op":"mcm","clk":"7790409224","pt":1540388335360,"mc":[{"id":"1.150018921","rc":[{"ltp":2.46,"id":2411840},{"ltp":1.69,"id":7640637}]}]}
{"op":"mcm","clk":"7790419600","pt":1540388395394,"mc":[{"id":"1.150018921","rc":[{"ltp":2.5,"id":2411840}]}]}
{"op":"mcm","clk":"7790431411","pt":1540388455355,"mc":[{"id":"1.150018921","rc":[{"ltp":2.14,"id":2411840},{"ltp":1.86,"id":7640637}]}]}
{"op":"mcm","clk":"7790442493","pt":1540388515349,"mc":[{"id":"1.150018921","rc":[{"ltp":2.7,"id":2411840},{"ltp":1.61,"id":7640637}]}]}
{"op":"mcm","clk":"7790464192","pt":1540388575299,"mc":[{"id":"1.150018921","rc":[{"ltp":2.38,"id":2411840},{"ltp":1.71,"id":7640637}]}]}
{"op":"mcm","clk":"7790475194","pt":1540388635158,"mc":[{"id":"1.150018921","rc":[{"ltp":2.0,"id":2411840},{"ltp":1.98,"id":7640637}]}]}
{"op":"mcm","clk":"7790485462","pt":1540388695352,"mc":[{"id":"1.150018921","rc":[{"ltp":2.08,"id":2411840},{"ltp":1.91,"id":7640637}]}]}
{"op":"mcm","clk":"7790495306","pt":1540388755361,"mc":[{"id":"1.150018921","rc":[{"ltp":2.84,"id":2411840},{"ltp":1.54,"id":7640637}]}]}
{"op":"mcm","clk":"7790504625","pt":1540388814915,"mc":[{"id":"1.150018921","rc":[{"ltp":2.82,"id":2411840},{"ltp":1.55,"id":7640637}]}]}
{"op":"mcm","clk":"7790513686","pt":1540388874842,"mc":[{"id":"1.150018921","rc":[{"ltp":1.53,"id":7640637}]}]}
{"op":"mcm","clk":"7790523543","pt":1540388935142,"mc":[{"id":"1.150018921","rc":[{"ltp":2.84,"id":2411840},{"ltp":1.54,"id":7640637}]}]}
{"op":"mcm","clk":"7790532567","pt":1540388995359,"mc":[{"id":"1.150018921","rc":[{"ltp":2.44,"id":2411840},{"ltp":1.7,"id":7640637}]}]}
{"op":"mcm","clk":"7790541994","pt":1540389055391,"mc":[{"id":"1.150018921","rc":[{"ltp":2.12,"id":2411840},{"ltp":1.93,"id":7640637}]}]}
{"op":"mcm","clk":"7790551446","pt":1540389115138,"mc":[{"id":"1.150018921","rc":[{"ltp":2.28,"id":2411840},{"ltp":1.78,"id":7640637}]}]}
{"op":"mcm","clk":"7790560773","pt":1540389175355,"mc":[{"id":"1.150018921","rc":[{"ltp":2.34,"id":2411840},{"ltp":1.73,"id":7640637}]}]}
{"op":"mcm","clk":"7790569727","pt":1540389235332,"mc":[{"id":"1.150018921","rc":[{"ltp":2.68,"id":2411840},{"ltp":1.54,"id":7640637}]}]}
{"op":"mcm","clk":"7790578820","pt":1540389295212,"mc":[{"id":"1.150018921","rc":[{"ltp":2.02,"id":2411840},{"ltp":1.96,"id":7640637}]}]}
{"op":"mcm","clk":"7790587962","pt":1540389355316,"mc":[{"id":"1.150018921","rc":[{"ltp":1.6,"id":2411840},{"ltp":2.66,"id":7640637}]}]}
{"op":"mcm","clk":"7790596886","pt":1540389415209,"mc":[{"id":"1.150018921","rc":[{"ltp":1.37,"id":2411840},{"ltp":3.75,"id":7640637}]}]}
{"op":"mcm","clk":"7790616747","pt":1540389475405,"mc":[{"id":"1.150018921","rc":[{"ltp":1.38,"id":2411840},{"ltp":3.7,"id":7640637}]}]}
{"op":"mcm","clk":"7790625826","pt":1540389535116,"mc":[{"id":"1.150018921","rc":[{"ltp":1.52,"id":2411840},{"ltp":2.88,"id":7640637}]}]}
{"op":"mcm","clk":"7790635830","pt":1540389595370,"mc":[{"id":"1.150018921","rc":[{"ltp":1.6,"id":2411840},{"ltp":2.66,"id":7640637}]}]}
{"op":"mcm","clk":"7790647046","pt":1540389655016,"mc":[{"id":"1.150018921","rc":[{"ltp":1.81,"id":2411840},{"ltp":2.22,"id":7640637}]}]}
{"op":"mcm","clk":"7790657506","pt":1540389715172,"mc":[{"id":"1.150018921","rc":[{"ltp":1.17,"id":2411840},{"ltp":7.2,"id":7640637}]}]}
{"op":"mcm","clk":"7790667161","pt":1540389775410,"mc":[{"id":"1.150018921","rc":[{"ltp":1.12,"id":2411840},{"ltp":9.2,"id":7640637}]}]}
{"op":"mcm","clk":"7790676191","pt":1540389835235,"mc":[{"id":"1.150018921","rc":[{"ltp":1.19,"id":2411840},{"ltp":7.0,"id":7640637}]}]}
{"op":"mcm","clk":"7790685383","pt":1540389895205,"mc":[{"id":"1.150018921","rc":[{"ltp":1.22,"id":2411840},{"ltp":5.5,"id":7640637}]}]}
{"op":"mcm","clk":"7790695265","pt":1540389955234,"mc":[{"id":"1.150018921","rc":[{"ltp":1.16,"id":2411840},{"ltp":5.6,"id":7640637}]}]}
{"op":"mcm","clk":"7790704975","pt":1540390015208,"mc":[{"id":"1.150018921","rc":[{"ltp":1.15,"id":2411840},{"ltp":7.2,"id":7640637}]}]}
{"op":"mcm","clk":"7790714306","pt":1540390075240,"mc":[{"id":"1.150018921","rc":[{"ltp":1.27,"id":2411840},{"ltp":4.6,"id":7640637}]}]}
{"op":"mcm","clk":"7790723678","pt":1540390134463,"mc":[{"id":"1.150018921","rc":[{"ltp":1.28,"id":2411840}]}]}
{"op":"mcm","clk":"7790733991","pt":1540390195075,"mc":[{"id":"1.150018921","rc":[{"ltp":1.17,"id":2411840},{"ltp":7.4,"id":7640637}]}]}
{"op":"mcm","clk":"7790744124","pt":1540390255220,"mc":[{"id":"1.150018921","rc":[{"ltp":1.18,"id":2411840},{"ltp":7.2,"id":7640637}]}]}
{"op":"mcm","clk":"7790754413","pt":1540390315002,"mc":[{"id":"1.150018921","rc":[{"ltp":1.06,"id":2411840},{"ltp":15.0,"id":7640637}]}]}
{"op":"mcm","clk":"7790772965","pt":1540390358556,"mc":[{"id":"1.150018921","marketDefinition":{"bspMarket":false,"turnInPlayEnabled":true,"persistenceEnabled":true,"marketBaseRate":5.0,"eventId":"28970597","eventTypeId":"2","numberOfWinners":1,"bettingType":"ODDS","marketType":"MATCH_ODDS","marketTime":"2018-10-24T11:19:00.000Z","suspendTime":"2018-10-24T11:19:00.000Z","bspReconciled":false,"complete":true,"inPlay":true,"crossMatching":true,"runnersVoidable":false,"numberOfActiveRunners":2,"betDelay":5,"status":"SUSPENDED","runners":[{"status":"ACTIVE","sortPriority":1,"id":2411840,"name":"Angelique Kerber"},{"status":"ACTIVE","sortPriority":2,"id":7640637,"name":"Naomi Osaka"}],"regulators":["MR_INT"],"countryCode":"SG","discountAllowed":true,"timezone":"UTC","openDate":"2018-10-24T11:19:00.000Z","version":2473296662,"name":"Match Odds","eventName":"Kerber v N Osaka"}}]}
{"op":"mcm","clk":"7790778422","pt":1540390392201,"mc":[{"id":"1.150018921","marketDefinition":{"bspMarket":false,"turnInPlayEnabled":true,"persistenceEnabled":true,"marketBaseRate":5.0,"eventId":"28970597","eventTypeId":"2","numberOfWinners":1,"bettingType":"ODDS","marketType":"MATCH_ODDS","marketTime":"2018-10-24T11:19:00.000Z","suspendTime":"2018-10-24T11:19:00.000Z","bspReconciled":false,"complete":true,"inPlay":true,"crossMatching":false,"runnersVoidable":false,"numberOfActiveRunners":0,"betDelay":5,"status":"CLOSED","settledTime":"2018-10-24T14:12:35.000Z","runners":[{"status":"WINNER","sortPriority":1,"id":2411840,"name":"Angelique Kerber"},{"status":"LOSER","sortPriority":2,"id":7640637,"name":"Naomi Osaka"}],"regulators":["MR_INT"],"countryCode":"SG","discountAllowed":true,"timezone":"UTC","openDate":"2018-10-24T11:19:00.000Z","version":2473296862,"name":"Match Odds","eventName":"Kerber v N Osaka"}}]}
