{"op":"mcm","clk":"7749073274","pt":1540560866702,"mc":[{"id":"1.150240952","marketDefinition":{"bspMarket":false,"turnInPlayEnabled":true,"persistenceEnabled":true,"marketBaseRate":5.0,"eventId":"28977250","eventTypeId":"2","numberOfWinners":1,"bettingType":"ODDS","marketType":"MATCH_ODDS","marketTime":"2018-10-27T11:30:00.000Z","suspendTime":"2018-10-27T11:30:00.000Z","bspReconciled":false,"complete":true,"inPlay":false,"crossMatching":true,"runnersVoidable":false,"numberOfActiveRunners":2,"betDelay":0,"status":"OPEN","runners":[{"status":"ACTIVE","sortPriority":1,"id":2923342,"name":"Sloane Stephens"},{"status":"ACTIVE","sortPriority":2,"id":6199453,"name":"Karolina Pliskova"}],"regulators":["MR_INT"],"countryCode":"SG","discountAllowed":true,"timezone":"UTC","openDate":"2018-10-27T11:30:00.000Z","version":2476177098,"name":"Match Odds","eventName":"Stephens v Ka Pliskova"}}]}
{"op":"mcm","clk":"7749949650","pt":1540566651060,"mc":[{"id":"1.150240952","rc":[{"ltp":1.82,"id":2923342}]}]}
{"op":"mcm","clk":"7749971509","pt":1540566821844,"mc":[{"id":"1.150240952","rc":[{"ltp":2.1,"id":6199453},{"ltp":1.83,"id":2923342}]}]}
{"op":"mcm","clk":"7750065576","pt":1540567485083,"mc":[{"id":"1.150240952","rc":[{"ltp":1.82,"id":2923342}]}]}
{"op":"mcm","clk":"7750263531","pt":1540569043116,"mc":[{"id":"1.150240952","rc":[{"ltp":1.81,"id":2923342}]}]}
{"op":"mcm","clk":"7750324243","pt":1540569413803,"mc":[{"id":"1.150240952","rc":[{"ltp":2.28,"id":6199453},{"ltp":1.74,"id":2923342}]}]}
{"op":"mcm","clk":"7750766386","pt":1540572156595,"mc":[{"id":"1.150240952","rc":[{"ltp":1.71,"id":2923342}]}]}
{"op":"mcm","clk":"7751218970","pt":1540574692491,"mc":[{"id":"1.150240952","rc":[{"ltp":1.77,"id":2923342}]}]}
{"op":"mcm","clk":"7751281625","pt":1540575054570,"mc":[{"id":"1.150240952","rc":[{"ltp":1.76,"id":2923342}]}]}
{"op":"mcm","clk":"7751903676","pt":1540578054690,"mc":[{"id":"1.150240952","rc":[{"ltp":1.78,"id":2923342}]}]}
{"op":"mcm","clk":"7751914914","pt":1540578110892,"mc":[{"id":"1.150240952","rc":[{"ltp":1.77,"id":2923342}]}]}
{"op":"mcm","clk":"7751938487","pt":1540578149341,"mc":[{"id":"1.150240952","rc":[{"ltp":1.76,"id":2923342}]}]}
{"op":"mcm","clk":"7752153872","pt":1540579113878,"mc":[{"id":"1.150240952","rc":[{"ltp":2.3,"id":6199453}]}]}
{"op":"mcm","clk":"7752305799","pt":1540579851981,"mc":[{"id":"1.150240952","rc":[{"ltp":1.77,"id":2923342}]}]}
{"op":"mcm","clk":"7752541501","pt":1540580986584,"mc":[{"id":"1.150240952","rc":[{"ltp":2.28,"id":6199453}]}]}
{"op":"mcm","clk":"7752848628","pt":1540582479760,"mc":[{"id":"1.150240952","rc":[{"ltp":2.3,"id":6199453},{"ltp":1.78,"id":2923342}]}]}
{"op":"mcm","clk":"7752961462","pt":1540583067159,"mc":[{"id":"1.150240952","rc":[{"ltp":1.76,"id":2923342}]}]}
{"op":"mcm","clk":"7753067597","pt":1540583744008,"mc":[{"id":"1.150240952","rc":[{"ltp":1.75,"id":2923342}]}]}
{"op":"mcm","clk":"7753323544","pt":1540585596756,"mc":[{"id":"1.150240952","rc":[{"ltp":2.32,"id":6199453}]}]}
{"op":"mcm","clk":"7753418520","pt":1540586364062,"mc":[{"id":"1.150240952","rc":[{"ltp":1.74,"id":2923342}]}]}
{"op":"mcm","clk":"7753615512","pt":1540588635921,"mc":[{"id":"1.150240952","rc":[{"ltp":1.76,"id":2923342}]}]}
{"op":"mcm","clk":"7753659181","pt":1540589074141,"mc":[{"id":"1.150240952","rc":[{"ltp":1.74,"id":2923342}]}]}
{"op":"mcm","clk":"7753746821","pt":1540590463561,"mc":[{"id":"1.150240952","rc":[{"ltp":1.73,"id":2923342}]}]}
{"op":"mcm","clk":"7753807741","pt":1540591581970,"mc":[{"id":"1.150240952","rc":[{"ltp":1.72,"id":2923342}]}]}
{"op":"mcm","clk":"7753829045","pt":1540591659994,"mc":[{"id":"1.150240952","rc":[{"ltp":1.73,"id":2923342}]}]}
{"op":"mcm","clk":"7754047186","pt":1540594467637,"mc":[{"id":"1.150240952","rc":[{"ltp":1.74,"id":2923342}]}]}
{"op":"mcm","clk":"7754054472","pt":1540594591486,"mc":[{"id":"1.150240952","rc":[{"ltp":1.72,"id":2923342}]}]}
{"op":"mcm","clk":"7754066123","pt":1540594789904,"mc":[{"id":"1.150240952","rc":[{"ltp":1.73,"id":2923342}]}]}
{"op":"mcm","clk":"7754171022","pt":1540595839295,"mc":[{"id":"1.150240952","rc":[{"ltp":1.74,"id":2923342}]}]}
{"op":"mcm","clk":"7754283457","pt":1540596864212,"mc":[{"id":"1.150240952","rc":[{"ltp":1.73,"id":2923342}]}]}
{"op":"mcm","clk":"7754297243","pt":1540596998774,"mc":[{"id":"1.150240952","rc":[{"ltp":1.72,"id":2923342}]}]}
{"op":"mcm","clk":"7754499831","pt":1540598788680,"mc":[{"id":"1.150240952","rc":[{"ltp":1.73,"id":2923342}]}]}
{"op":"mcm","clk":"7754809145","pt":1540601195883,"mc":[{"id":"1.150240952","rc":[{"ltp":1.72,"id":2923342}]}]}
{"op":"mcm","clk":"7754839828","pt":1540601441509,"mc":[{"id":"1.150240952","rc":[{"ltp":1.73,"id":2923342}]}]}
{"op":"mcm","clk":"7754897902","pt":1540601861001,"mc":[{"id":"1.150240952","rc":[{"ltp":2.38,"id":6199453}]}]}
{"op":"mcm","clk":"7755034426","pt":1540603034339,"mc":[{"id":"1.150240952","rc":[{"ltp":1.72,"id":2923342}]}]}
{"op":"mcm","clk":"7755643528","pt":1540609364176,"mc":[{"id":"1.150240952","rc":[{"ltp":1.71,"id":2923342}]}]}
{"op":"mcm","clk":"7755696807","pt":1540610120965,"mc":[{"id":"1.150240952","rc":[{"ltp":1.7,"id":2923342}]}]}
{"op":"mcm","clk":"7755756650","pt":1540611049556,"mc":[{"id":"1.150240952","rc":[{"ltp":2.44,"id":6199453}]}]}
{"op":"mcm","clk":"7755818370","pt":1540611873284,"mc":[{"id":"1.150240952","rc":[{"ltp":1.69,"id":2923342}]}]}
{"op":"mcm","clk":"7755835397","pt":1540612304770,"mc":[{"id":"1.150240952","rc":[{"ltp":1.68,"id":2923342}]}]}
{"op":"mcm","clk":"7755916628","pt":1540613273640,"mc":[{"id":"1.150240952","rc":[{"ltp":2.5,"id":6199453},{"ltp":1.66,"id":2923342}]}]}
{"op":"mcm","clk":"7755920125","pt":1540613333669,"mc":[{"id":"1.150240952","rc":[{"ltp":1.7,"id":2923342}]}]}
{"op":"mcm","clk":"7755922247","pt":1540613379602,"mc":[{"id":"1.150240952","rc":[{"ltp":1.67,"id":2923342}]}]}
{"op":"mcm","clk":"7755926465","pt":1540613453217,"mc":[{"id":"1.150240952","rc":[{"ltp":1.68,"id":2923342}]}]}
{"op":"mcm","clk":"7755951960","pt":1540613769641,"mc":[{"id":"1.150240952","rc":[{"ltp":1.69,"id":2923342}]}]}
{"op":"mcm","clk":"7755968286","pt":1540613962398,"mc":[{"id":"1.150240952","rc":[{"ltp":2.44,"id":6199453}]}]}
{"op":"mcm","clk":"7756090723","pt":1540615239167,"mc":[{"id":"1.150240952","rc":[{"ltp":1.68,"id":2923342}]}]}
{"op":"mcm","clk":"7756113093","pt":1540615551320,"mc":[{"id":"1.150240952","rc":[{"ltp":1.65,"id":2923342}]}]}
{"op":"mcm","clk":"7756134322","pt":1540615902676,"mc":[{"id":"1.150240952","rc":[{"ltp":1.67,"id":2923342}]}]}
{"op":"mcm","clk":"7756155721","pt":1540615971459,"mc":[{"id":"1.150240952","rc":[{"ltp":1.65,"id":2923342}]}]}
{"op":"mcm","clk":"7756158848","pt":1540616029292,"mc":[{"id":"1.150240952","rc":[{"ltp":1.67,"id":2923342}]}]}
{"op":"mcm","clk":"7756185163","pt":1540616449645,"mc":[{"id":"1.150240952","rc":[{"ltp":1.66,"id":2923342}]}]}
{"op":"mcm","clk":"7756189578","pt":1540616524950,"mc":[{"id":"1.150240952","rc":[{"ltp":1.67,"id":2923342}]}]}
{"op":"mcm","clk":"7756355954","pt":1540618346873,"mc":[{"id":"1.150240952","rc":[{"ltp":2.5,"id":6199453}]}]}
{"op":"mcm","clk":"7756375354","pt":1540618557261,"mc":[{"id":"1.150240952","rc":[{"ltp":2.52,"id":6199453}]}]}
{"op":"mcm","clk":"7756433007","pt":1540619094782,"mc":[{"id":"1.150240952","rc":[{"ltp":2.46,"id":6199453}]}]}
{"op":"mcm","clk":"7756517474","pt":1540620183770,"mc":[{"id":"1.150240952","rc":[{"ltp":1.66,"id":2923342}]}]}
{"op":"mcm","clk":"7756566329","pt":1540620610085,"mc":[{"id":"1.150240952","rc":[{"ltp":1.67,"id":2923342}]}]}
{"op":"mcm","clk":"7756598019","pt":1540621005466,"mc":[{"id":"1.150240952","rc":[{"ltp":2.5,"id":6199453}]}]}
{"op":"mcm","clk":"7756619474","pt":1540621271702,"mc":[{"id":"1.150240952","rc":[{"ltp":1.65,"id":2923342}]}]}
{"op":"mcm","clk":"7756671104","pt":1540621723294,"mc":[{"id":"1.150240952","rc":[{"ltp":1.67,"id":2923342}]}]}
{"op":"mcm","clk":"7756683230","pt":1540621897210,"mc":[{"id":"1.150240952","rc":[{"ltp":1.65,"id":2923342}]}]}
{"op":"mcm","clk":"7756724740","pt":1540622270004,"mc":[{"id":"1.150240952","rc":[{"ltp":1.67,"id":2923342}]}]}
{"op":"mcm","clk":"7756750648","pt":1540622667651,"mc":[{"id":"1.150240952","rc":[{"ltp":2.48,"id":6199453}]}]}
{"op":"mcm","clk":"7756799693","pt":1540623230514,"mc":[{"id":"1.150240952","rc":[{"ltp":1.66,"id":2923342}]}]}
{"op":"mcm","clk":"7756836115","pt":1540623722412,"mc":[{"id":"1.150240952","rc":[{"ltp":1.65,"id":2923342}]}]}
{"op":"mcm","clk":"7756896108","pt":1540624314183,"mc":[{"id":"1.150240952","rc":[{"ltp":1.67,"id":2923342}]}]}
{"op":"mcm","clk":"7756910661","pt":1540624511163,"mc":[{"id":"1.150240952","rc":[{"ltp":1.68,"id":2923342}]}]}
{"op":"mcm","clk":"7756917567","pt":1540624609867,"mc":[{"id":"1.150240952","rc":[{"ltp":1.67,"id":2923342}]}]}
{"op":"mcm","clk":"7756937353","pt":1540624887261,"mc":[{"id":"1.150240952","rc":[{"ltp":2.46,"id":6199453}]}]}
{"op":"mcm","clk":"7756980764","pt":1540625228193,"mc":[{"id":"1.150240952","rc":[{"ltp":1.66,"id":2923342}]}]}
{"op":"mcm","clk":"7756987278","pt":1540625305347,"mc":[{"id":"1.150240952","rc":[{"ltp":1.67,"id":2923342}]}]}
{"op":"mcm","clk":"7757002186","pt":1540625493399,"mc":[{"id":"1.150240952","rc":[{"ltp":1.66,"id":2923342}]}]}
{"op":"mcm","clk":"7757145740","pt":1540626767304,"mc":[{"id":"1.150240952","rc":[{"ltp":1.67,"id":2923342}]}]}
{"op":"mcm","clk":"7757150263","pt":1540626820065,"mc":[{"id":"1.150240952","rc":[{"ltp":2.5,"id":6199453},{"ltp":1.66,"id":2923342}]}]}
{"op":"mcm","clk":"7757186010","pt":1540627222882,"mc":[{"id":"1.150240952","rc":[{"ltp":1.67,"id":2923342}]}]}
{"op":"mcm","clk":"7757274645","pt":1540627848621,"mc":[{"id":"1.150240952","rc":[{"ltp":1.68,"id":2923342}]}]}
{"op":"mcm","clk":"7757310423","pt":1540628142763,"mc":[{"id":"1.150240952","rc":[{"ltp":2.46,"id":6199453}]}]}
{"op":"mcm","clk":"7757529477","pt":1540629432903,"mc":[{"id":"1.150240952","rc":[{"ltp":1.66,"id":2923342}]}]}
{"op":"mcm","clk":"7757584160","pt":1540629812935,"mc":[{"id":"1.150240952","rc":[{"ltp":2.5,"id":6199453}]}]}
{"op":"mcm","clk":"7757700934","pt":1540630539775,"mc":[{"id":"1.150240952","rc":[{"ltp":1.67,"id":2923342}]}]}
{"op":"mcm","clk":"7757717613","pt":1540630674792,"mc":[{"id":"1.150240952","rc":[{"ltp":1.66,"id":2923342}]}]}
{"op":"mcm","clk":"7757725392","pt":1540630732255,"mc":[{"id":"1.150240952","rc":[{"ltp":1.65,"id":2923342}]}]}
{"op":"mcm","clk":"7757738937","pt":1540630829348,"mc":[{"id":"1.150240952","rc":[{"ltp":1.67,"id":2923342}]}]}
{"op":"mcm","clk":"7757750341","pt":1540630906579,"mc":[{"id":"1.150240952","rc":[{"ltp":1.66,"id":2923342}]}]}
{"op":"mcm","clk":"7757864042","pt":1540631510388,"mc":[{"id":"1.150240952","rc":[{"ltp":1.67,"id":2923342}]}]}
{"op":"mcm","clk":"7757873577","pt":1540631574556,"mc":[{"id":"1.150240952","rc":[{"ltp":2.48,"id":6199453}]}]}
{"op":"mcm","clk":"7757881310","pt":1540631629214,"mc":[{"id":"1.150240952","rc":[{"ltp":1.68,"id":2923342}]}]}
{"op":"mcm","clk":"7757907162","pt":1540631799614,"mc":[{"id":"1.150240952","rc":[{"ltp":2.46,"id":6199453},{"ltp":1.69,"id":2923342}]}]}
{"op":"mcm","clk":"7757916431","pt":1540631868882,"mc":[{"id":"1.150240952","rc":[{"ltp":1.68,"id":2923342}]}]}
{"op":"mcm","clk":"7757925644","pt":1540631934749,"mc":[{"id":"1.150240952","rc":[{"ltp":1.69,"id":2923342}]}]}
{"op":"mcm","clk":"7757940254","pt":1540632027552,"mc":[{"id":"1.150240952","rc":[{"ltp":2.44,"id":6199453}]}]}
{"op":"mcm","clk":"7757999173","pt":1540632286586,"mc":[{"id":"1.150240952","rc":[{"ltp":2.42,"id":6199453},{"ltp":1.7,"id":2923342}]}]}
{"op":"mcm","clk":"7758025217","pt":1540632447842,"mc":[{"id":"1.150240952","rc":[{"ltp":1.71,"id":2923342}]}]}
{"op":"mcm","clk":"7758158876","pt":1540633134057,"mc":[{"id":"1.150240952","rc":[{"ltp":1.7,"id":2923342}]}]}
{"op":"mcm","clk":"7758200809","pt":1540633374870,"mc":[{"id":"1.150240952","rc":[{"ltp":2.4,"id":6199453}]}]}
{"op":"mcm","clk":"7758221644","pt":1540633494607,"mc":[{"id":"1.150240952","rc":[{"ltp":1.69,"id":2923342}]}]}
{"op":"mcm","clk":"7758275606","pt":1540633881813,"mc":[{"id":"1.150240952","rc":[{"ltp":2.42,"id":6199453},{"ltp":1.7,"id":2923342}]}]}
{"op":"mcm","clk":"7758301468","pt":1540633944117,"mc":[{"id":"1.150240952","rc":[{"ltp":1.69,"id":2923342}]}]}
{"op":"mcm","clk":"7758338349","pt":1540634214630,"mc":[{"id":"1.150240952","rc":[{"ltp":2.44,"id":6199453}]}]}
{"op":"mcm","clk":"7758341364","pt":1540634236997,"mc":[{"id":"1.150240952","rc":[{"ltp":1.7,"id":2923342}]}]}
{"op":"mcm","clk":"7758352695","pt":1540634319797,"mc":[{"id":"1.150240952","rc":[{"ltp":2.46,"id":6199453}]}]}
{"op":"mcm","clk":"7758369569","pt":1540634443761,"mc":[{"id":"1.150240952","rc":[{"ltp":2.42,"id":6199453}]}]}
{"op":"mcm","clk":"7758392285","pt":1540634573328,"mc":[{"id":"1.150240952","rc":[{"ltp":1.71,"id":2923342}]}]}
{"op":"mcm","clk":"7758467703","pt":1540634901411,"mc":[{"id":"1.150240952","rc":[{"ltp":1.7,"id":2923342}]}]}
{"op":"mcm","clk":"7758537890","pt":1540635291837,"mc":[{"id":"1.150240952","rc":[{"ltp":1.71,"id":2923342}]}]}
{"op":"mcm","clk":"7758563819","pt":1540635449915,"mc":[{"id":"1.150240952","rc":[{"ltp":2.4,"id":6199453}]}]}
{"op":"mcm","clk":"7758593305","pt":1540635633329,"mc":[{"id":"1.150240952","rc":[{"ltp":1.7,"id":2923342}]}]}
{"op":"mcm","clk":"7758672900","pt":1540636041039,"mc":[{"id":"1.150240952","rc":[{"ltp":1.71,"id":2923342}]}]}
{"op":"mcm","clk":"7758717602","pt":1540636313077,"mc":[{"id":"1.150240952","rc":[{"ltp":1.7,"id":2923342}]}]}
{"op":"mcm","clk":"7758727567","pt":1540636373319,"mc":[{"id":"1.150240952","rc":[{"ltp":2.42,"id":6199453}]}]}
{"op":"mcm","clk":"7758821311","pt":1540636830227,"mc":[{"id":"1.150240952","rc":[{"ltp":1.69,"id":2923342}]}]}
{"op":"mcm","clk":"7758833037","pt":1540636903023,"mc":[{"id":"1.150240952","rc":[{"ltp":1.7,"id":2923342}]}]}
{"op":"mcm","clk":"7758855743","pt":1540637029895,"mc":[{"id":"1.150240952","rc":[{"ltp":1.71,"id":2923342}]}]}
{"op":"mcm","clk":"7758899558","pt":1540637292900,"mc":[{"id":"1.150240952","rc":[{"ltp":2.4,"id":6199453}]}]}
{"op":"mcm","clk":"7758914148","pt":1540637381459,"mc":[{"id":"1.150240952","rc":[{"ltp":1.7,"id":2923342}]}]}
{"op":"mcm","clk":"7758923646","pt":1540637451858,"mc":[{"id":"1.150240952","rc":[{"ltp":2.42,"id":6199453},{"ltp":1.71,"id":2923342}]}]}
{"op":"mcm","clk":"7758958376","pt":1540637569641,"mc":[{"id":"1.150240952","rc":[{"ltp":2.4,"id":6199453}]}]}
{"op":"mcm","clk":"7758974799","pt":1540637690767,"mc":[{"id":"1.150240952","rc":[{"ltp":2.44,"id":6199453},{"ltp":1.7,"id":2923342}]}]}
{"op":"mcm","clk":"7758983385","pt":1540637752665,"mc":[{"id":"1.150240952","rc":[{"ltp":2.42,"id":6199453}]}]}
{"op":"mcm","clk":"7758991823","pt":1540637814150,"mc":[{"id":"1.150240952","rc":[{"ltp":1.69,"id":2923342}]}]}
{"op":"mcm","clk":"7759000817","pt":1540637874593,"mc":[{"id":"1.150240952","rc":[{"ltp":2.46,"id":6199453}]}]}
{"op":"mcm","clk":"7759009197","pt":1540637931491,"mc":[{"id":"1.150240952","rc":[{"ltp":1.68,"id":2923342}]}]}
{"op":"mcm","clk":"7759038000","pt":1540638114866,"mc":[{"id":"1.150240952","rc":[{"ltp":2.48,"id":6199453}]}]}
{"op":"mcm","clk":"7759046932","pt":1540638171626,"mc":[{"id":"1.150240952","rc":[{"ltp":1.67,"id":2923342}]}]}
{"op":"mcm","clk":"7759056129","pt":1540638234545,"mc":[{"id":"1.150240952","rc":[{"ltp":1.68,"id":2923342}]}]}
{"op":"mcm","clk":"7759062434","pt":1540638274945,"mc":[{"id":"1.150240952","rc":[{"ltp":2.46,"id":6199453}]}]}
{"op":"mcm","clk":"7759074385","pt":1540638348319,"mc":[{"id":"1.150240952","rc":[{"ltp":1.69,"id":2923342}]}]}
{"op":"mcm","clk":"7759083319","pt":1540638405513,"mc":[{"id":"1.150240952","rc":[{"ltp":2.44,"id":6199453}]}]}
{"op":"mcm","clk":"7759119918","pt":1540638523271,"mc":[{"id":"1.150240952","rc":[{"ltp":1.7,"id":2923342}]}]}
{"op":"mcm","clk":"7759130364","pt":1540638594092,"mc":[{"id":"1.150240952","rc":[{"ltp":2.42,"id":6199453},{"ltp":1.69,"id":2923342}]}]}
{"op":"mcm","clk":"7759140313","pt":1540638654759,"mc":[{"id":"1.150240952","rc":[{"ltp":2.4,"id":6199453},{"ltp":1.72,"id":2923342}]}]}
{"op":"mcm","clk":"7759150129","pt":1540638711785,"mc":[{"id":"1.150240952","rc":[{"ltp":2.38,"id":6199453},{"ltp":1.73,"id":2923342}]}]}
{"op":"mcm","clk":"7759161186","pt":1540638774812,"mc":[{"id":"1.150240952","rc":[{"ltp":1.72,"id":2923342}]}]}
{"op":"mcm","clk":"7759181385","pt":1540638894851,"mc":[{"id":"1.150240952","rc":[{"ltp":2.36,"id":6199453},{"ltp":1.73,"id":2923342}]}]}
{"op":"mcm","clk":"7759191803","pt":1540638951636,"mc":[{"id":"1.150240952","rc":[{"ltp":2.38,"id":6199453},{"ltp":1.72,"id":2923342}]}]}
{"op":"mcm","clk":"7759201785","pt":1540639012650,"mc":[{"id":"1.150240952","rc":[{"ltp":2.36,"id":6199453},{"ltp":1.73,"id":2923342}]}]}
{"op":"mcm","clk":"7759220635","pt":1540639134552,"mc":[{"id":"1.150240952","marketDefinition":{"bspMarket":false,"turnInPlayEnabled":true,"persistenceEnabled":true,"marketBaseRate":5.0,"eventId":"28977250","eventTypeId":"2","numberOfWinners":1,"bettingType":"ODDS","marketType":"MATCH_ODDS","marketTime":"2018-10-27T11:14:00.000Z","suspendTime":"2018-10-27T11:14:00.000Z","bspReconciled":false,"complete":true,"inPlay":false,"crossMatching":true,"runnersVoidable":false,"numberOfActiveRunners":2,"betDelay":0,"status":"OPEN","runners":[{"status":"ACTIVE","sortPriority":1,"id":2923342,"name":"Sloane Stephens"},{"status":"ACTIVE","sortPriority":2,"id":6199453,"name":"Karolina Pliskova"}],"regulators":["MR_INT"],"countryCode":"SG","discountAllowed":true,"timezone":"UTC","openDate":"2018-10-27T11:14:00.000Z","version":2478107662,"name":"Match Odds","eventName":"Stephens v Ka Pliskova"}}]}
{"op":"mcm","clk":"7759239778","pt":1540639253943,"mc":[{"id":"1.150240952","rc":[{"ltp":2.34,"id":6199453},{"ltp":1.74,"id":2923342}]}]}
{"op":"mcm","clk":"7759249589","pt":1540639312812,"mc":[{"id":"1.150240952","rc":[{"ltp":2.32,"id":6199453},{"ltp":1.77,"id":2923342}]}]}
{"op":"mcm","clk":"7759277416","pt":1540639374750,"mc":[{"id":"1.150240952","rc":[{"ltp":1.76,"id":2923342}]}]}
{"op":"mcm","clk":"7759288069","pt":1540639434212,"mc":[{"id":"1.150240952","rc":[{"ltp":2.28,"id":6199453},{"ltp":1.77,"id":2923342}]}]}
{"op":"mcm","clk":"7759297988","pt":1540639493713,"mc":[{"id":"1.150240952","rc":[{"ltp":2.3,"id":6199453}]}]}
{"op":"mcm","clk":"7759306924","pt":1540639544510,"mc":[{"id":"1.150240952","rc":[{"ltp":1.76,"id":2923342}]}]}
{"op":"mcm","clk":"7759351377","pt":1540639793000,"mc":[{"id":"1.150240952","rc":[{"ltp":2.26,"id":6199453},{"ltp":1.79,"id":2923342}]}]}
{"op":"mcm","clk":"7759362678","pt":1540639854701,"mc":[{"id":"1.150240952","rc":[{"ltp":2.28,"id":6199453},{"ltp":1.78,"id":2923342}]}]}
{"op":"mcm","clk":"7759373471","pt":1540639914717,"mc":[{"id":"1.150240952","rc":[{"ltp":2.26,"id":6199453},{"ltp":1.8,"id":2923342}]}]}
{"op":"mcm","clk":"7759383133","pt":1540639972553,"mc":[{"id":"1.150240952","rc":[{"ltp":1.78,"id":2923342}]}]}
{"op":"mcm","clk":"7759402952","pt":1540640091462,"mc":[{"id":"1.150240952","rc":[{"ltp":2.28,"id":6199453},{"ltp":1.79,"id":2923342}]}]}
{"op":"mcm","clk":"7759414182","pt":1540640153958,"mc":[{"id":"1.150240952","rc":[{"ltp":2.3,"id":6199453},{"ltp":1.78,"id":2923342}]}]}
{"op":"mcm","clk":"7759425578","pt":1540640214516,"mc":[{"id":"1.150240952","rc":[{"ltp":2.28,"id":6199453},{"ltp":1.79,"id":2923342}]}]}
{"op":"mcm","clk":"7759453575","pt":1540640269282,"mc":[{"id":"1.150240952","rc":[{"ltp":2.26,"id":6199453},{"ltp":1.78,"id":2923342}]}]}
{"op":"mcm","clk":"7759465753","pt":1540640334703,"mc":[{"id":"1.150240952","rc":[{"ltp":2.28,"id":6199453},{"ltp":1.79,"id":2923342}]}]}
{"op":"mcm","clk":"7759476438","pt":1540640394631,"mc":[{"id":"1.150240952","rc":[{"ltp":1.78,"id":2923342}]}]}
{"op":"mcm","clk":"7759487158","pt":1540640453619,"mc":[{"id":"1.150240952","marketDefinition":{"bspMarket":false,"turnInPlayEnabled":true,"persistenceEnabled":true,"marketBaseRate":5.0,"eventId":"28977250","eventTypeId":"2","numberOfWinners":1,"bettingType":"ODDS","marketType":"MATCH_ODDS","marketTime":"2018-10-27T11:14:00.000Z","suspendTime":"2018-10-27T11:14:00.000Z","bspReconciled":false,"complete":true,"inPlay":true,"crossMatching":true,"runnersVoidable":false,"numberOfActiveRunners":2,"betDelay":5,"status":"OPEN","runners":[{"status":"ACTIVE","sortPriority":1,"id":2923342,"name":"Sloane Stephens"},{"status":"ACTIVE","sortPriority":2,"id":6199453,"name":"Karolina Pliskova"}],"regulators":["MR_INT"],"countryCode":"SG","discountAllowed":true,"timezone":"UTC","openDate":"2018-10-27T11:14:00.000Z","version":2478176730,"name":"Match Odds","eventName":"Stephens v Ka Pliskova"},"rc":[{"ltp":2.24,"id":6199453},{"ltp":1.79,"id":2923342}]}]}
{"op":"mcm","clk":"7759498075","pt":1540640514308,"mc":[{"id":"1.150240952","rc":[{"ltp":2.14,"id":6199453},{"ltp":1.89,"id":2923342}]}]}
{"op":"mcm","clk":"7759509670","pt":1540640574787,"mc":[{"id":"1.150240952","rc":[{"ltp":2.36,"id":6199453},{"ltp":1.73,"id":2923342}]}]}
{"op":"mcm","clk":"7759521512","pt":1540640634796,"mc":[{"id":"1.150240952","rc":[{"ltp":2.24,"id":6199453},{"ltp":1.83,"id":2923342}]}]}
{"op":"mcm","clk":"7759532692","pt":1540640694801,"mc":[{"id":"1.150240952","rc":[{"ltp":2.46,"id":6199453},{"ltp":1.67,"id":2923342}]}]}
{"op":"mcm","clk":"7759544700","pt":1540640754708,"mc":[{"id":"1.150240952","rc":[{"ltp":2.16,"id":6199453},{"ltp":1.87,"id":2923342}]}]}
{"op":"mcm","clk":"7759556428","pt":1540640814828,"mc":[{"id":"1.150240952","rc":[{"ltp":2.2,"id":6199453},{"ltp":1.83,"id":2923342}]}]}
{"op":"mcm","clk":"7759567119","pt":1540640874694,"mc":[{"id":"1.150240952","rc":[{"ltp":2.36,"id":6199453},{"ltp":1.74,"id":2923342}]}]}
{"op":"mcm","clk":"7759577419","pt":1540640934856,"mc":[{"id":"1.150240952","rc":[{"ltp":2.14,"id":6199453},{"ltp":1.89,"id":2923342}]}]}
{"op":"mcm","clk":"7759587455","pt":1540640994813,"mc":[{"id":"1.150240952","rc":[{"ltp":1.9,"id":6199453},{"ltp":2.12,"id":2923342}]}]}
{"op":"mcm","clk":"7759597419","pt":1540641054718,"mc":[{"id":"1.150240952","rc":[{"ltp":2.22,"id":6199453},{"ltp":1.8,"id":2923342}]}]}
{"op":"mcm","clk":"7759606840","pt":1540641114616,"mc":[{"id":"1.150240952","rc":[{"ltp":1.89,"id":6199453},{"ltp":2.1,"id":2923342}]}]}
{"op":"mcm","clk":"7759634041","pt":1540641174829,"mc":[{"id":"1.150240952","rc":[{"ltp":1.81,"id":6199453},{"ltp":2.22,"id":2923342}]}]}
{"op":"mcm","clk":"7759644367","pt":1540641234671,"mc":[{"id":"1.150240952","rc":[{"ltp":1.68,"id":6199453},{"ltp":2.48,"id":2923342}]}]}
{"op":"mcm","clk":"7759654699","pt":1540641294793,"mc":[{"id":"1.150240952","rc":[{"ltp":1.75,"id":6199453},{"ltp":2.32,"id":2923342}]}]}
{"op":"mcm","clk":"7759664739","pt":1540641354817,"mc":[{"id":"1.150240952","rc":[{"ltp":1.9,"id":6199453},{"ltp":2.14,"id":2923342}]}]}
{"op":"mcm","clk":"7759673248","pt":1540641414742,"mc":[{"id":"1.150240952","rc":[{"ltp":1.76,"id":6199453},{"ltp":2.3,"id":2923342}]}]}
{"op":"mcm","clk":"7759681468","pt":1540641474865,"mc":[{"id":"1.150240952","rc":[{"ltp":1.75,"id":6199453},{"ltp":2.34,"id":2923342}]}]}
{"op":"mcm","clk":"7759690905","pt":1540641534739,"mc":[{"id":"1.150240952","rc":[{"ltp":1.58,"id":6199453},{"ltp":2.68,"id":2923342}]}]}
{"op":"mcm","clk":"7759699843","pt":1540641594852,"mc":[{"id":"1.150240952","rc":[{"ltp":1.61,"id":6199453},{"ltp":2.62,"id":2923342}]}]}
{"op":"mcm","clk":"7759710025","pt":1540641654775,"mc":[{"id":"1.150240952","rc":[{"ltp":2.72,"id":2923342}]}]}
{"op":"mcm","clk":"7759720802","pt":1540641714436,"mc":[{"id":"1.150240952","rc":[{"ltp":1.6,"id":6199453},{"ltp":2.66,"id":2923342}]}]}
{"op":"mcm","clk":"7759731234","pt":1540641774858,"mc":[{"id":"1.150240952","rc":[{"ltp":1.58,"id":6199453},{"ltp":2.72,"id":2923342}]}]}
{"op":"mcm","clk":"7759741448","pt":1540641834797,"mc":[{"id":"1.150240952","rc":[{"ltp":1.48,"id":6199453},{"ltp":3.0,"id":2923342}]}]}
{"op":"mcm","clk":"7759752984","pt":1540641894771,"mc":[{"id":"1.150240952","rc":[{"ltp":1.43,"id":6199453},{"ltp":3.25,"id":2923342}]}]}
{"op":"mcm","clk":"7759764907","pt":1540641954846,"mc":[{"id":"1.150240952","rc":[{"ltp":1.44,"id":6199453}]}]}
{"op":"mcm","clk":"7759776752","pt":1540642014688,"mc":[{"id":"1.150240952","rc":[{"ltp":1.36,"id":6199453},{"ltp":3.75,"id":2923342}]}]}
{"op":"mcm","clk":"7759806001","pt":1540642074757,"mc":[{"id":"1.150240952","rc":[{"ltp":1.33,"id":6199453},{"ltp":4.2,"id":2923342}]}]}
{"op":"mcm","clk":"7759818274","pt":1540642134684,"mc":[{"id":"1.150240952","rc":[{"ltp":1.32,"id":6199453},{"ltp":4.1,"id":2923342}]}]}
{"op":"mcm","clk":"7759830796","pt":1540642194801,"mc":[{"id":"1.150240952","rc":[{"ltp":3.9,"id":2923342}]}]}
{"op":"mcm","clk":"7759843942","pt":1540642254448,"mc":[{"id":"1.150240952","rc":[{"ltp":1.3,"id":6199453},{"ltp":4.3,"id":2923342}]}]}
{"op":"mcm","clk":"7759870470","pt":1540642374783,"mc":[{"id":"1.150240952","rc":[{"ltp":1.27,"id":6199453},{"ltp":4.7,"id":2923342}]}]}
{"op":"mcm","clk":"7759882544","pt":1540642434695,"mc":[{"id":"1.150240952","rc":[{"ltp":1.28,"id":6199453},{"ltp":4.5,"id":2923342}]}]}
{"op":"mcm","clk":"7759894849","pt":1540642494817,"mc":[{"id":"1.150240952","rc":[{"ltp":1.25,"id":6199453},{"ltp":5.1,"id":2923342}]}]}
{"op":"mcm","clk":"7759907643","pt":1540642554872,"mc":[{"id":"1.150240952","rc":[{"ltp":1.33,"id":6199453},{"ltp":4.3,"id":2923342}]}]}
{"op":"mcm","clk":"7759920721","pt":1540642614654,"mc":[{"id":"1.150240952","rc":[{"ltp":1.32,"id":6199453},{"ltp":4.0,"id":2923342}]}]}
{"op":"mcm","clk":"7759933256","pt":1540642674577,"mc":[{"id":"1.150240952","rc":[{"ltp":1.38,"id":6199453},{"ltp":3.6,"id":2923342}]}]}
{"op":"mcm","clk":"7759945559","pt":1540642734361,"mc":[{"id":"1.150240952","rc":[{"ltp":1.34,"id":6199453},{"ltp":4.0,"id":2923342}]}]}
{"op":"mcm","clk":"7759957561","pt":1540642793955,"mc":[{"id":"1.150240952","rc":[{"ltp":1.3,"id":6199453},{"ltp":4.2,"id":2923342}]}]}
{"op":"mcm","clk":"7759969900","pt":1540642854867,"mc":[{"id":"1.150240952","rc":[{"ltp":1.23,"id":6199453},{"ltp":5.4,"id":2923342}]}]}
{"op":"mcm","clk":"7759981979","pt":1540642914372,"mc":[{"id":"1.150240952","rc":[{"ltp":1.22,"id":6199453},{"ltp":5.5,"id":2923342}]}]}
{"op":"mcm","clk":"7760011512","pt":1540642974235,"mc":[{"id":"1.150240952","rc":[{"ltp":1.27,"id":6199453},{"ltp":4.5,"id":2923342}]}]}
{"op":"mcm","clk":"7760023529","pt":1540643034775,"mc":[{"id":"1.150240952","rc":[{"ltp":1.29,"id":6199453}]}]}
{"op":"mcm","clk":"7760035757","pt":1540643094781,"mc":[{"id":"1.150240952","rc":[{"ltp":1.22,"id":6199453},{"ltp":5.6,"id":2923342}]}]}
{"op":"mcm","clk":"7760048427","pt":1540643154752,"mc":[{"id":"1.150240952","rc":[{"ltp":1.2,"id":6199453},{"ltp":5.7,"id":2923342}]}]}
{"op":"mcm","clk":"7760060799","pt":1540643214540,"mc":[{"id":"1.150240952","rc":[{"ltp":1.15,"id":6199453},{"ltp":7.2,"id":2923342}]}]}
{"op":"mcm","clk":"7760077429","pt":1540643274770,"mc":[{"id":"1.150240952","rc":[{"ltp":1.11,"id":6199453},{"ltp":10.0,"id":2923342}]}]}
{"op":"mcm","clk":"7760089823","pt":1540643334784,"mc":[{"id":"1.150240952","rc":[{"ltp":1.12,"id":6199453},{"ltp":9.6,"id":2923342}]}]}
{"op":"mcm","clk":"7760102082","pt":1540643394850,"mc":[{"id":"1.150240952","rc":[{"ltp":1.08,"id":6199453},{"ltp":13.5,"id":2923342}]}]}
{"op":"mcm","clk":"7760114121","pt":1540643454624,"mc":[{"id":"1.150240952","rc":[{"ltp":1.09,"id":6199453},{"ltp":12.5,"id":2923342}]}]}
{"op":"mcm","clk":"7760126935","pt":1540643514771,"mc":[{"id":"1.150240952","rc":[{"ltp":1.16,"id":6199453},{"ltp":7.2,"id":2923342}]}]}
{"op":"mcm","clk":"7760140419","pt":1540643574843,"mc":[{"id":"1.150240952","rc":[{"ltp":1.23,"id":6199453},{"ltp":5.2,"id":2923342}]}]}
{"op":"mcm","clk":"7760153885","pt":1540643634624,"mc":[{"id":"1.150240952","rc":[{"ltp":1.24,"id":6199453}]}]}
{"op":"mcm","clk":"7760167486","pt":1540643694676,"mc":[{"id":"1.150240952","rc":[{"ltp":1.19,"id":6199453},{"ltp":6.2,"id":2923342}]}]}
{"op":"mcm","clk":"7760180866","pt":1540643754852,"mc":[{"id":"1.150240952","rc":[{"ltp":1.17,"id":6199453},{"ltp":7.6,"id":2923342}]}]}
{"op":"mcm","clk":"7760194536","pt":1540643814335,"mc":[{"id":"1.150240952","rc":[{"ltp":1.16,"id":6199453},{"ltp":6.8,"id":2923342}]}]}
{"op":"mcm","clk":"7760224590","pt":1540643874873,"mc":[{"id":"1.150240952","rc":[{"ltp":1.28,"id":6199453},{"ltp":4.5,"id":2923342}]}]}
{"op":"mcm","clk":"7760236926","pt":1540643934622,"mc":[{"id":"1.150240952","rc":[{"ltp":1.34,"id":6199453},{"ltp":3.85,"id":2923342}]}]}
{"op":"mcm","clk":"7760249324","pt":1540643994844,"mc":[{"id":"1.150240952","rc":[{"ltp":1.48,"id":6199453},{"ltp":3.05,"id":2923342}]}]}
{"op":"mcm","clk":"7760261305","pt":1540644054717,"mc":[{"id":"1.150240952","rc":[{"ltp":1.65,"id":6199453},{"ltp":2.5,"id":2923342}]}]}
{"op":"mcm","clk":"7760273484","pt":1540644114803,"mc":[{"id":"1.150240952","rc":[{"ltp":1.7,"id":6199453},{"ltp":2.44,"id":2923342}]}]}
{"op":"mcm","clk":"7760285672","pt":1540644174536,"mc":[{"id":"1.150240952","rc":[{"ltp":1.68,"id":6199453},{"ltp":2.46,"id":2923342}]}]}
{"op":"mcm","clk":"7760297468","pt":1540644234693,"mc":[{"id":"1.150240952","rc":[{"ltp":2.5,"id":2923342}]}]}
{"op":"mcm","clk":"7760309579","pt":1540644294819,"mc":[{"id":"1.150240952","rc":[{"ltp":1.67,"id":6199453},{"ltp":2.48,"id":2923342}]}]}
{"op":"mcm","clk":"7760321670","pt":1540644354622,"mc":[{"id":"1.150240952","rc":[{"ltp":1.38,"id":6199453},{"ltp":3.25,"id":2923342}]}]}
{"op":"mcm","clk":"7760333689","pt":1540644414758,"mc":[{"id":"1.150240952","rc":[{"ltp":1.39,"id":6199453},{"ltp":3.55,"id":2923342}]}]}
{"op":"mcm","clk":"7760345431","pt":1540644474499,"mc":[{"id":"1.150240952","rc":[{"ltp":1.49,"id":6199453},{"ltp":3.0,"id":2923342}]}]}
{"op":"mcm","clk":"7760357283","pt":1540644534478,"mc":[{"id":"1.150240952","rc":[{"ltp":1.38,"id":6199453},{"ltp":3.6,"id":2923342}]}]}
{"op":"mcm","clk":"7760368648","pt":1540644594810,"mc":[{"id":"1.150240952","rc":[{"ltp":1.71,"id":6199453},{"ltp":2.4,"id":2923342}]}]}
{"op":"mcm","clk":"7760378935","pt":1540644654862,"mc":[{"id":"1.150240952","rc":[{"ltp":1.73,"id":6199453},{"ltp":2.38,"id":2923342}]}]}
{"op":"mcm","clk":"7760388389","pt":1540644714198,"mc":[{"id":"1.150240952","rc":[{"ltp":1.71,"id":6199453}]}]}
{"op":"mcm","clk":"7760415396","pt":1540644774830,"mc":[{"id":"1.150240952","rc":[{"ltp":1.81,"id":6199453},{"ltp":2.22,"id":2923342}]}]}
{"op":"mcm","clk":"7760423733","pt":1540644834540,"mc":[{"id":"1.150240952","rc":[{"ltp":2.04,"id":6199453},{"ltp":1.95,"id":2923342}]}]}
{"op":"mcm","clk":"7760433530","pt":1540644894590,"mc":[{"id":"1.150240952","rc":[{"ltp":2.06,"id":6199453}]}]}
{"op":"mcm","clk":"7760442821","pt":1540644954455,"mc":[{"id":"1.150240952","rc":[{"ltp":1.96,"id":6199453},{"ltp":2.02,"id":2923342}]}]}
{"op":"mcm","clk":"7760452415","pt":1540645014862,"mc":[{"id":"1.150240952","rc":[{"ltp":2.08,"id":6199453},{"ltp":1.93,"id":2923342}]}]}
{"op":"mcm","clk":"7760461980","pt":1540645074732,"mc":[{"id":"1.150240952","rc":[{"ltp":2.06,"id":6199453},{"ltp":1.96,"id":2923342}]}]}
{"op":"mcm","clk":"7760471579","pt":1540645134790,"mc":[{"id":"1.150240952","rc":[{"ltp":1.95,"id":6199453},{"ltp":2.04,"id":2923342}]}]}
{"op":"mcm","clk":"7760480770","pt":1540645194764,"mc":[{"id":"1.150240952","rc":[{"ltp":1.9,"id":6199453},{"ltp":2.1,"id":2923342}]}]}
{"op":"mcm","clk":"7760492326","pt":1540645254816,"mc":[{"id":"1.150240952","rc":[{"ltp":1.82,"id":6199453},{"ltp":2.18,"id":2923342}]}]}
{"op":"mcm","clk":"7760504057","pt":1540645314184,"mc":[{"id":"1.150240952","rc":[{"ltp":1.83,"id":6199453},{"ltp":2.2,"id":2923342}]}]}
{"op":"mcm","clk":"7760516799","pt":1540645373946,"mc":[{"id":"1.150240952","rc":[{"ltp":1.68,"id":6199453},{"ltp":2.48,"id":2923342}]}]}
{"op":"mcm","clk":"7760530827","pt":1540645434543,"mc":[{"id":"1.150240952","rc":[{"ltp":2.12,"id":6199453},{"ltp":1.88,"id":2923342}]}]}
{"op":"mcm","clk":"7760543497","pt":1540645494793,"mc":[{"id":"1.150240952","rc":[{"ltp":2.16,"id":6199453},{"ltp":1.85,"id":2923342}]}]}
{"op":"mcm","clk":"7760556985","pt":1540645554645,"mc":[{"id":"1.150240952","rc":[{"ltp":1.86,"id":2923342}]}]}
{"op":"mcm","clk":"7760570943","pt":1540645614829,"mc":[{"id":"1.150240952","rc":[{"ltp":1.85,"id":2923342}]}]}
{"op":"mcm","clk":"7760602141","pt":1540645674836,"mc":[{"id":"1.150240952","rc":[{"ltp":2.42,"id":6199453},{"ltp":1.72,"id":2923342}]}]}
{"op":"mcm","clk":"7760616146","pt":1540645734833,"mc":[{"id":"1.150240952","rc":[{"ltp":2.46,"id":6199453},{"ltp":1.67,"id":2923342}]}]}
{"op":"mcm","clk":"7760630010","pt":1540645794842,"mc":[{"id":"1.150240952","rc":[{"ltp":2.18,"id":6199453},{"ltp":1.85,"id":2923342}]}]}
{"op":"mcm","clk":"7760644246","pt":1540645854863,"mc":[{"id":"1.150240952","rc":[{"ltp":2.22,"id":6199453},{"ltp":1.84,"id":2923342}]}]}
{"op":"mcm","clk":"7760658965","pt":1540645914871,"mc":[{"id":"1.150240952","rc":[{"ltp":2.58,"id":6199453},{"ltp":1.63,"id":2923342}]}]}
{"op":"mcm","clk":"7760673994","pt":1540645974822,"mc":[{"id":"1.150240952","rc":[{"ltp":2.56,"id":6199453},{"ltp":1.64,"id":2923342}]}]}
{"op":"mcm","clk":"7760689169","pt":1540646034689,"mc":[{"id":"1.150240952","rc":[{"ltp":3.35,"id":6199453},{"ltp":1.42,"id":2923342}]}]}
{"op":"mcm","clk":"7760704292","pt":1540646094825,"mc":[{"id":"1.150240952","rc":[{"ltp":2.88,"id":6199453},{"ltp":1.54,"id":2923342}]}]}
{"op":"mcm","clk":"7760719843","pt":1540646154875,"mc":[{"id":"1.150240952","rc":[{"ltp":2.48,"id":6199453},{"ltp":1.69,"id":2923342}]}]}
{"op":"mcm","clk":"7760735038","pt":1540646214325,"mc":[{"id":"1.150240952","rc":[{"ltp":2.06,"id":6199453},{"ltp":1.94,"id":2923342}]}]}
{"op":"mcm","clk":"7760750549","pt":1540646274756,"mc":[{"id":"1.150240952","rc":[{"ltp":1.87,"id":6199453},{"ltp":2.14,"id":2923342}]}]}
{"op":"mcm","clk":"7760765678","pt":1540646334802,"mc":[{"id":"1.150240952","rc":[{"ltp":2.08,"id":6199453},{"ltp":1.9,"id":2923342}]}]}
{"op":"mcm","clk":"7760779614","pt":1540646394858,"mc":[{"id":"1.150240952","rc":[{"ltp":2.06,"id":6199453},{"ltp":1.93,"id":2923342}]}]}
{"op":"mcm","clk":"7760795712","pt":1540646454654,"mc":[{"id":"1.150240952","rc":[{"ltp":2.48,"id":6199453},{"ltp":1.67,"id":2923342}]}]}
{"op":"mcm","clk":"7760812910","pt":1540646514750,"mc":[{"id":"1.150240952","rc":[{"ltp":3.25,"id":6199453},{"ltp":1.44,"id":2923342}]}]}
{"op":"mcm","clk":"7760846371","pt":1540646574674,"mc":[{"id":"1.150240952","rc":[{"ltp":3.3,"id":6199453},{"ltp":1.43,"id":2923342}]}]}
{"op":"mcm","clk":"7760861259","pt":1540646634709,"mc":[{"id":"1.150240952","rc":[{"ltp":3.2,"id":6199453},{"ltp":1.45,"id":2923342}]}]}
{"op":"mcm","clk":"7760876113","pt":1540646694496,"mc":[{"id":"1.150240952","rc":[{"ltp":2.58,"id":6199453},{"ltp":1.63,"id":2923342}]}]}
{"op":"mcm","clk":"7760892284","pt":1540646754852,"mc":[{"id":"1.150240952","rc":[{"ltp":3.95,"id":6199453},{"ltp":1.34,"id":2923342}]}]}
{"op":"mcm","clk":"7760907285","pt":1540646814803,"mc":[{"id":"1.150240952","rc":[{"ltp":4.4,"id":6199453},{"ltp":1.31,"id":2923342}]}]}
{"op":"mcm","clk":"7760921314","pt":1540646874847,"mc":[{"id":"1.150240952","rc":[{"ltp":5.0,"id":6199453},{"ltp":1.25,"id":2923342}]}]}
{"op":"mcm","clk":"7760935726","pt":1540646934439,"mc":[{"id":"1.150240952","rc":[{"ltp":9.2,"id":6199453},{"ltp":1.11,"id":2923342}]}]}
{"op":"mcm","clk":"7760950127","pt":1540646994855,"mc":[{"id":"1.150240952","rc":[{"ltp":15.0,"id":6199453},{"ltp":1.08,"id":2923342}]}]}
{"op":"mcm","clk":"7760964413","pt":1540647054596,"mc":[{"id":"1.150240952","rc":[{"ltp":14.5,"id":6199453},{"ltp":1.07,"id":2923342}]}]}
{"op":"mcm","clk":"7760979294","pt":1540647114708,"mc":[{"id":"1.150240952","rc":[{"ltp":15.0,"id":6199453},{"ltp":1.06,"id":2923342}]}]}
{"op":"mcm","clk":"7760995523","pt":1540647174770,"mc":[{"id":"1.150240952","rc":[{"ltp":34.0,"id":6199453},{"ltp":1.02,"id":2923342}]}]}
{"op":"mcm","clk":"7761010281","pt":1540647234747,"mc":[{"id":"1.150240952","rc":[{"ltp":50.0,"id":6199453}]}]}
{"op":"mcm","clk":"7761024372","pt":1540647294158,"mc":[{"id":"1.150240952","rc":[{"ltp":75.0,"id":6199453}]}]}
{"op":"mcm","clk":"7761040261","pt":1540647354827,"mc":[{"id":"1.150240952","rc":[{"ltp":110.0,"id":6199453},{"ltp":1.01,"id":2923342}]}]}
{"op":"mcm","clk":"7761053391","pt":1540647409289,"mc":[{"id":"1.150240952","marketDefinition":{"bspMarket":false,"turnInPlayEnabled":true,"persistenceEnabled":true,"marketBaseRate":5.0,"eventId":"28977250","eventTypeId":"2","numberOfWinners":1,"bettingType":"ODDS","marketType":"MATCH_ODDS","marketTime":"2018-10-27T11:14:00.000Z","suspendTime":"2018-10-27T11:14:00.000Z","bspReconciled":false,"complete":true,"inPlay":true,"crossMatching":true,"runnersVoidable":false,"numberOfActiveRunners":2,"betDelay":5,"status":"SUSPENDED","runners":[{"status":"ACTIVE","sortPriority":1,"id":2923342,"name":"Sloane Stephens"},{"status":"ACTIVE","sortPriority":2,"id":6199453,"name":"Karolina Pliskova"}],"regulators":["MR_INT"],"countryCode":"SG","discountAllowed":true,"timezone":"UTC","openDate":"2018-10-27T11:14:00.000Z","version":2478580584,"name":"Match Odds","eventName":"Stephens v Ka Pliskova"}}]}
{"op":"mcm","clk":"7761079062","pt":1540647444460,"mc":[{"id":"1.150240952","marketDefinition":{"bspMarket":false,"turnInPlayEnabled":true,"persistenceEnabled":true,"marketBaseRate":5.0,"eventId":"28977250","eventTypeId":"2","numberOfWinners":1,"bettingType":"ODDS","marketType":"MATCH_ODDS","marketTime":"2018-10-27T11:14:00.000Z","suspendTime":"2018-10-27T11:14:00.000Z","bspReconciled":false,"complete":true,"inPlay":true,"crossMatching":false,"runnersVoidable":false,"numberOfActiveRunners":0,"betDelay":5,"status":"CLOSED","settledTime":"2018-10-27T13:36:38.000Z","runners":[{"status":"WINNER","sortPriority":1,"id":2923342,"name":"Sloane Stephens"},{"status":"LOSER","sortPriority":2,"id":6199453,"name":"Karolina Pliskova"}],"regulators":["MR_INT"],"countryCode":"SG","discountAllowed":true,"timezone":"UTC","openDate":"2018-10-27T11:14:00.000Z","version":2478580932,"name":"Match Odds","eventName":"Stephens v Ka Pliskova"}}]}
