{"op":"mcm","clk":"7783751586","pt":1540311867268,"mc":[{"id":"1.150066924","marketDefinition":{"bspMarket":false,"turnInPlayEnabled":true,"persistenceEnabled":true,"marketBaseRate":5.0,"eventId":"28972028","eventTypeId":"2","numberOfWinners":1,"bettingType":"ODDS","marketType":"MATCH_ODDS","marketTime":"2018-10-25T08:00:00.000Z","suspendTime":"2018-10-25T08:00:00.000Z","bspReconciled":false,"complete":true,"inPlay":false,"crossMatching":true,"runnersVoidable":false,"numberOfActiveRunners":2,"betDelay":0,"status":"OPEN","runners":[{"status":"ACTIVE","sortPriority":1,"id":2497008,"name":"Petra Kvitova"},{"status":"ACTIVE","sortPriority":2,"id":6199453,"name":"Karolina Pliskova"}],"regulators":["MR_INT"],"countryCode":"SG","discountAllowed":true,"timezone":"UTC","openDate":"2018-10-25T08:00:00.000Z","version":2471944588,"name":"Match Odds","eventName":"Kvitova v Ka Pliskova"}}]}
{"op":"mcm","clk":"7787962852","pt":1540365830458,"mc":[{"id":"1.150066924","rc":[{"ltp":1.89,"id":6199453}]}]}
{"op":"mcm","clk":"7791364947","pt":1540394277536,"mc":[{"id":"1.150066924","rc":[{"ltp":1.86,"id":6199453}]}]}
{"op":"mcm","clk":"7792203318","pt":1540399397840,"mc":[{"id":"1.150066924","rc":[{"ltp":1.85,"id":6199453}]}]}
{"op":"mcm","clk":"7792855567","pt":1540403060215,"mc":[{"id":"1.150066924","rc":[{"ltp":2.16,"id":2497008}]}]}
{"op":"mcm","clk":"7793408512","pt":1540406849930,"mc":[{"id":"1.150066924","rc":[{"ltp":2.12,"id":2497008}]}]}
{"op":"mcm","clk":"7793426792","pt":1540406997940,"mc":[{"id":"1.150066924","rc":[{"ltp":2.2,"id":2497008}]}]}
{"op":"mcm","clk":"7793536075","pt":1540407771926,"mc":[{"id":"1.150066924","rc":[{"ltp":1.84,"id":6199453}]}]}
{"op":"mcm","clk":"7793836147","pt":1540409881215,"mc":[{"id":"1.150066924","rc":[{"ltp":2.12,"id":2497008}]}]}
{"op":"mcm","clk":"7794106086","pt":1540412270389,"mc":[{"id":"1.150066924","rc":[{"ltp":1.9,"id":6199453}]}]}
{"op":"mcm","clk":"7794306314","pt":1540414830218,"mc":[{"id":"1.150066924","rc":[{"ltp":1.89,"id":6199453}]}]}
{"op":"mcm","clk":"7794319599","pt":1540415086786,"mc":[{"id":"1.150066924","rc":[{"ltp":1.86,"id":6199453}]}]}
{"op":"mcm","clk":"7794326512","pt":1540415223975,"mc":[{"id":"1.150066924","rc":[{"ltp":1.9,"id":6199453}]}]}
{"op":"mcm","clk":"7794364726","pt":1540415810121,"mc":[{"id":"1.150066924","rc":[{"ltp":2.1,"id":2497008}]}]}
{"op":"mcm","clk":"7794366937","pt":1540415861057,"mc":[{"id":"1.150066924","rc":[{"ltp":1.85,"id":6199453}]}]}
{"op":"mcm","clk":"7794374406","pt":1540416052516,"mc":[{"id":"1.150066924","rc":[{"ltp":2.12,"id":2497008}]}]}
{"op":"mcm","clk":"7794380957","pt":1540416197670,"mc":[{"id":"1.150066924","rc":[{"ltp":1.83,"id":6199453}]}]}
{"op":"mcm","clk":"7794430832","pt":1540417014714,"mc":[{"id":"1.150066924","rc":[{"ltp":1.87,"id":6199453}]}]}
{"op":"mcm","clk":"7794439586","pt":1540417236766,"mc":[{"id":"1.150066924","rc":[{"ltp":1.88,"id":6199453},{"ltp":2.14,"id":2497008}]}]}
{"op":"mcm","clk":"7794518889","pt":1540418672929,"mc":[{"id":"1.150066924","rc":[{"ltp":1.89,"id":6199453}]}]}
{"op":"mcm","clk":"7794581703","pt":1540419825609,"mc":[{"id":"1.150066924","rc":[{"ltp":2.12,"id":2497008}]}]}
{"op":"mcm","clk":"7794667486","pt":1540420956139,"mc":[{"id":"1.150066924","rc":[{"ltp":1.86,"id":6199453}]}]}
{"op":"mcm","clk":"7794769792","pt":1540422565311,"mc":[{"id":"1.150066924","rc":[{"ltp":1.89,"id":6199453}]}]}
{"op":"mcm","clk":"7794773103","pt":1540422630952,"mc":[{"id":"1.150066924","rc":[{"ltp":1.9,"id":6199453}]}]}
{"op":"mcm","clk":"7794791601","pt":1540422767445,"mc":[{"id":"1.150066924","rc":[{"ltp":1.86,"id":6199453}]}]}
{"op":"mcm","clk":"7795092610","pt":1540427153768,"mc":[{"id":"1.150066924","rc":[{"ltp":1.88,"id":6199453},{"ltp":2.14,"id":2497008}]}]}
{"op":"mcm","clk":"7795133025","pt":1540427747823,"mc":[{"id":"1.150066924","rc":[{"ltp":1.87,"id":6199453}]}]}
{"op":"mcm","clk":"7795218535","pt":1540429117709,"mc":[{"id":"1.150066924","rc":[{"ltp":1.92,"id":6199453}]}]}
{"op":"mcm","clk":"7795237379","pt":1540429516253,"mc":[{"id":"1.150066924","rc":[{"ltp":1.91,"id":6199453}]}]}
{"op":"mcm","clk":"7795384001","pt":1540431998469,"mc":[{"id":"1.150066924","rc":[{"ltp":2.1,"id":2497008}]}]}
{"op":"mcm","clk":"7795563176","pt":1540435731388,"mc":[{"id":"1.150066924","rc":[{"ltp":2.08,"id":2497008}]}]}
{"op":"mcm","clk":"7795567114","pt":1540435870226,"mc":[{"id":"1.150066924","rc":[{"ltp":2.06,"id":2497008}]}]}
{"op":"mcm","clk":"7795604581","pt":1540436628930,"mc":[{"id":"1.150066924","rc":[{"ltp":1.92,"id":6199453}]}]}
{"op":"mcm","clk":"7795616205","pt":1540436947670,"mc":[{"id":"1.150066924","rc":[{"ltp":1.93,"id":6199453}]}]}
{"op":"mcm","clk":"7795639398","pt":1540437364929,"mc":[{"id":"1.150066924","rc":[{"ltp":1.92,"id":6199453}]}]}
{"op":"mcm","clk":"7795684856","pt":1540438318568,"mc":[{"id":"1.150066924","rc":[{"ltp":1.91,"id":6199453}]}]}
{"op":"mcm","clk":"7795691779","pt":1540438493218,"mc":[{"id":"1.150066924","rc":[{"ltp":1.93,"id":6199453}]}]}
{"op":"mcm","clk":"7795745810","pt":1540439507206,"mc":[{"id":"1.150066924","rc":[{"ltp":1.92,"id":6199453}]}]}
{"op":"mcm","clk":"7795842121","pt":1540441373833,"mc":[{"id":"1.150066924","rc":[{"ltp":2.08,"id":2497008}]}]}
{"op":"mcm","clk":"7795884002","pt":1540442313016,"mc":[{"id":"1.150066924","rc":[{"ltp":1.91,"id":6199453},{"ltp":2.1,"id":2497008}]}]}
{"op":"mcm","clk":"7795886027","pt":1540442378977,"mc":[{"id":"1.150066924","rc":[{"ltp":1.93,"id":6199453},{"ltp":2.08,"id":2497008}]}]}
{"op":"mcm","clk":"7795911385","pt":1540442752127,"mc":[{"id":"1.150066924","rc":[{"ltp":1.94,"id":6199453},{"ltp":2.06,"id":2497008}]}]}
{"op":"mcm","clk":"7795920663","pt":1540443045000,"mc":[{"id":"1.150066924","rc":[{"ltp":1.93,"id":6199453}]}]}
{"op":"mcm","clk":"7795926156","pt":1540443188345,"mc":[{"id":"1.150066924","rc":[{"ltp":1.95,"id":6199453}]}]}
{"op":"mcm","clk":"7795959428","pt":1540443820487,"mc":[{"id":"1.150066924","rc":[{"ltp":1.93,"id":6199453}]}]}
{"op":"mcm","clk":"7796005783","pt":1540444635118,"mc":[{"id":"1.150066924","rc":[{"ltp":1.94,"id":6199453},{"ltp":2.08,"id":2497008}]}]}
{"op":"mcm","clk":"7796013510","pt":1540444852122,"mc":[{"id":"1.150066924","rc":[{"ltp":1.92,"id":6199453}]}]}
{"op":"mcm","clk":"7796016345","pt":1540444915468,"mc":[{"id":"1.150066924","rc":[{"ltp":1.89,"id":6199453}]}]}
{"op":"mcm","clk":"7796018502","pt":1540444975358,"mc":[{"id":"1.150066924","rc":[{"ltp":1.96,"id":6199453},{"ltp":2.04,"id":2497008}]}]}
{"op":"mcm","clk":"7796055427","pt":1540445628301,"mc":[{"id":"1.150066924","rc":[{"ltp":1.95,"id":6199453},{"ltp":2.06,"id":2497008}]}]}
{"op":"mcm","clk":"7796058899","pt":1540445692353,"mc":[{"id":"1.150066924","rc":[{"ltp":1.9,"id":6199453},{"ltp":2.1,"id":2497008}]}]}
{"op":"mcm","clk":"7796061915","pt":1540445755467,"mc":[{"id":"1.150066924","rc":[{"ltp":1.87,"id":6199453},{"ltp":2.08,"id":2497008}]}]}
{"op":"mcm","clk":"7796064798","pt":1540445814773,"mc":[{"id":"1.150066924","rc":[{"ltp":1.86,"id":6199453},{"ltp":2.16,"id":2497008}]}]}
{"op":"mcm","clk":"7796071844","pt":1540445991901,"mc":[{"id":"1.150066924","rc":[{"ltp":1.9,"id":6199453},{"ltp":2.12,"id":2497008}]}]}
{"op":"mcm","clk":"7796074341","pt":1540446053609,"mc":[{"id":"1.150066924","rc":[{"ltp":2.14,"id":2497008}]}]}
{"op":"mcm","clk":"7796095956","pt":1540446355091,"mc":[{"id":"1.150066924","rc":[{"ltp":1.86,"id":6199453}]}]}
{"op":"mcm","clk":"7796098393","pt":1540446413969,"mc":[{"id":"1.150066924","rc":[{"ltp":1.84,"id":6199453},{"ltp":2.18,"id":2497008}]}]}
{"op":"mcm","clk":"7796100214","pt":1540446458320,"mc":[{"id":"1.150066924","rc":[{"ltp":1.83,"id":6199453},{"ltp":2.2,"id":2497008}]}]}
{"op":"mcm","clk":"7796122159","pt":1540447022609,"mc":[{"id":"1.150066924","rc":[{"ltp":1.84,"id":6199453},{"ltp":2.18,"id":2497008}]}]}
{"op":"mcm","clk":"7796137497","pt":1540447134215,"mc":[{"id":"1.150066924","rc":[{"ltp":1.83,"id":6199453},{"ltp":2.2,"id":2497008}]}]}
{"op":"mcm","clk":"7796141354","pt":1540447251743,"mc":[{"id":"1.150066924","rc":[{"ltp":1.84,"id":6199453},{"ltp":2.18,"id":2497008}]}]}
{"op":"mcm","clk":"7796145740","pt":1540447374481,"mc":[{"id":"1.150066924","rc":[{"ltp":1.82,"id":6199453}]}]}
{"op":"mcm","clk":"7796156333","pt":1540447610568,"mc":[{"id":"1.150066924","rc":[{"ltp":1.84,"id":6199453}]}]}
{"op":"mcm","clk":"7796165788","pt":1540447788888,"mc":[{"id":"1.150066924","rc":[{"ltp":1.83,"id":6199453}]}]}
{"op":"mcm","clk":"7796188021","pt":1540447975411,"mc":[{"id":"1.150066924","rc":[{"ltp":1.85,"id":6199453}]}]}
{"op":"mcm","clk":"7796190259","pt":1540448033796,"mc":[{"id":"1.150066924","rc":[{"ltp":1.81,"id":6199453}]}]}
{"op":"mcm","clk":"7796193285","pt":1540448129304,"mc":[{"id":"1.150066924","rc":[{"ltp":2.2,"id":2497008}]}]}
{"op":"mcm","clk":"7796195972","pt":1540448215147,"mc":[{"id":"1.150066924","rc":[{"ltp":1.84,"id":6199453}]}]}
{"op":"mcm","clk":"7796201031","pt":1540448378308,"mc":[{"id":"1.150066924","rc":[{"ltp":2.18,"id":2497008}]}]}
{"op":"mcm","clk":"7796204751","pt":1540448509391,"mc":[{"id":"1.150066924","rc":[{"ltp":1.82,"id":6199453}]}]}
{"op":"mcm","clk":"7796209861","pt":1540448675622,"mc":[{"id":"1.150066924","rc":[{"ltp":1.83,"id":6199453}]}]}
{"op":"mcm","clk":"7796212144","pt":1540448741763,"mc":[{"id":"1.150066924","rc":[{"ltp":1.84,"id":6199453}]}]}
{"op":"mcm","clk":"7796229959","pt":1540448936676,"mc":[{"id":"1.150066924","rc":[{"ltp":1.82,"id":6199453}]}]}
{"op":"mcm","clk":"7796240712","pt":1540449233691,"mc":[{"id":"1.150066924","rc":[{"ltp":1.85,"id":6199453}]}]}
{"op":"mcm","clk":"7796242793","pt":1540449292723,"mc":[{"id":"1.150066924","rc":[{"ltp":1.83,"id":6199453}]}]}
{"op":"mcm","clk":"7796253512","pt":1540449594585,"mc":[{"id":"1.150066924","rc":[{"ltp":1.84,"id":6199453}]}]}
{"op":"mcm","clk":"7796255359","pt":1540449644695,"mc":[{"id":"1.150066924","rc":[{"ltp":1.86,"id":6199453},{"ltp":2.16,"id":2497008}]}]}
{"op":"mcm","clk":"7796279972","pt":1540450007575,"mc":[{"id":"1.150066924","rc":[{"ltp":1.84,"id":6199453},{"ltp":2.18,"id":2497008}]}]}
{"op":"mcm","clk":"7796296404","pt":1540450435123,"mc":[{"id":"1.150066924","rc":[{"ltp":1.77,"id":6199453},{"ltp":2.24,"id":2497008}]}]}
{"op":"mcm","clk":"7796298306","pt":1540450495543,"mc":[{"id":"1.150066924","rc":[{"ltp":1.7,"id":6199453},{"ltp":2.42,"id":2497008}]}]}
{"op":"mcm","clk":"7796301281","pt":1540450613695,"mc":[{"id":"1.150066924","rc":[{"ltp":1.78,"id":6199453},{"ltp":2.26,"id":2497008}]}]}
{"op":"mcm","clk":"7796314629","pt":1540450673757,"mc":[{"id":"1.150066924","rc":[{"ltp":1.7,"id":6199453}]}]}
{"op":"mcm","clk":"7796316331","pt":1540450734916,"mc":[{"id":"1.150066924","rc":[{"ltp":2.42,"id":2497008}]}]}
{"op":"mcm","clk":"7796317549","pt":1540450791474,"mc":[{"id":"1.150066924","rc":[{"ltp":2.36,"id":2497008}]}]}
{"op":"mcm","clk":"7796319249","pt":1540450854518,"mc":[{"id":"1.150066924","rc":[{"ltp":1.76,"id":6199453},{"ltp":2.32,"id":2497008}]}]}
{"op":"mcm","clk":"7796321035","pt":1540450912633,"mc":[{"id":"1.150066924","rc":[{"ltp":1.74,"id":6199453}]}]}
{"op":"mcm","clk":"7796325207","pt":1540451033149,"mc":[{"id":"1.150066924","rc":[{"ltp":2.38,"id":2497008}]}]}
{"op":"mcm","clk":"7796327161","pt":1540451094812,"mc":[{"id":"1.150066924","rc":[{"ltp":1.7,"id":6199453}]}]}
{"op":"mcm","clk":"7796331571","pt":1540451214318,"mc":[{"id":"1.150066924","rc":[{"ltp":1.76,"id":6199453},{"ltp":2.32,"id":2497008}]}]}
{"op":"mcm","clk":"7796333845","pt":1540451274173,"mc":[{"id":"1.150066924","rc":[{"ltp":1.81,"id":6199453},{"ltp":2.26,"id":2497008}]}]}
{"op":"mcm","clk":"7796336014","pt":1540451334374,"mc":[{"id":"1.150066924","rc":[{"ltp":1.75,"id":6199453}]}]}
{"op":"mcm","clk":"7796339700","pt":1540451455162,"mc":[{"id":"1.150066924","rc":[{"ltp":1.79,"id":6199453},{"ltp":2.28,"id":2497008}]}]}
{"op":"mcm","clk":"7796341503","pt":1540451514540,"mc":[{"id":"1.150066924","rc":[{"ltp":1.78,"id":6199453}]}]}
{"op":"mcm","clk":"7796363001","pt":1540451815298,"mc":[{"id":"1.150066924","rc":[{"ltp":1.83,"id":6199453},{"ltp":2.18,"id":2497008}]}]}
{"op":"mcm","clk":"7796365312","pt":1540451873029,"mc":[{"id":"1.150066924","rc":[{"ltp":1.82,"id":6199453},{"ltp":2.2,"id":2497008}]}]}
{"op":"mcm","clk":"7796367458","pt":1540451930023,"mc":[{"id":"1.150066924","rc":[{"ltp":1.83,"id":6199453}]}]}
{"op":"mcm","clk":"7796370138","pt":1540451995453,"mc":[{"id":"1.150066924","rc":[{"ltp":1.79,"id":6199453},{"ltp":2.24,"id":2497008}]}]}
{"op":"mcm","clk":"7796372626","pt":1540452054211,"mc":[{"id":"1.150066924","rc":[{"ltp":1.8,"id":6199453}]}]}
{"op":"mcm","clk":"7796375050","pt":1540452114747,"mc":[{"id":"1.150066924","rc":[{"ltp":1.77,"id":6199453},{"ltp":2.3,"id":2497008}]}]}
{"op":"mcm","clk":"7796377372","pt":1540452175105,"mc":[{"id":"1.150066924","rc":[{"ltp":1.76,"id":6199453}]}]}
{"op":"mcm","clk":"7796380501","pt":1540452256070,"mc":[{"id":"1.150066924","rc":[{"ltp":1.77,"id":6199453}]}]}
{"op":"mcm","clk":"7796386259","pt":1540452414736,"mc":[{"id":"1.150066924","rc":[{"ltp":1.76,"id":6199453}]}]}
{"op":"mcm","clk":"7796399886","pt":1540452465571,"mc":[{"id":"1.150066924","rc":[{"ltp":1.77,"id":6199453}]}]}
{"op":"mcm","clk":"7796402032","pt":1540452533033,"mc":[{"id":"1.150066924","rc":[{"ltp":1.76,"id":6199453},{"ltp":2.32,"id":2497008}]}]}
{"op":"mcm","clk":"7796404327","pt":1540452594543,"mc":[{"id":"1.150066924","rc":[{"ltp":1.73,"id":6199453},{"ltp":2.34,"id":2497008}]}]}
{"op":"mcm","clk":"7796406770","pt":1540452652696,"mc":[{"id":"1.150066924","rc":[{"ltp":1.72,"id":6199453},{"ltp":2.38,"id":2497008}]}]}
{"op":"mcm","clk":"7796409516","pt":1540452712657,"mc":[{"id":"1.150066924","rc":[{"ltp":2.4,"id":2497008}]}]}
{"op":"mcm","clk":"7796412851","pt":1540452775230,"mc":[{"id":"1.150066924","rc":[{"ltp":1.7,"id":6199453}]}]}
{"op":"mcm","clk":"7796416760","pt":1540452834873,"mc":[{"id":"1.150066924","rc":[{"ltp":1.72,"id":6199453},{"ltp":2.38,"id":2497008}]}]}
{"op":"mcm","clk":"7796418881","pt":1540452895203,"mc":[{"id":"1.150066924","rc":[{"ltp":1.71,"id":6199453},{"ltp":2.42,"id":2497008}]}]}
{"op":"mcm","clk":"7796424468","pt":1540453012933,"mc":[{"id":"1.150066924","rc":[{"ltp":2.4,"id":2497008}]}]}
{"op":"mcm","clk":"7796427206","pt":1540453075511,"mc":[{"id":"1.150066924","rc":[{"ltp":1.73,"id":6199453},{"ltp":2.36,"id":2497008}]}]}
{"op":"mcm","clk":"7796429463","pt":1540453134724,"mc":[{"id":"1.150066924","rc":[{"ltp":1.75,"id":6199453},{"ltp":2.34,"id":2497008}]}]}
{"op":"mcm","clk":"7796431882","pt":1540453190357,"mc":[{"id":"1.150066924","rc":[{"ltp":2.36,"id":2497008}]}]}
{"op":"mcm","clk":"7796434113","pt":1540453247945,"mc":[{"id":"1.150066924","rc":[{"ltp":1.73,"id":6199453}]}]}
{"op":"mcm","clk":"7796437140","pt":1540453314263,"mc":[{"id":"1.150066924","rc":[{"ltp":1.72,"id":6199453},{"ltp":2.38,"id":2497008}]}]}
{"op":"mcm","clk":"7796451717","pt":1540453374998,"mc":[{"id":"1.150066924","rc":[{"ltp":1.75,"id":6199453},{"ltp":2.34,"id":2497008}]}]}
{"op":"mcm","clk":"7796454443","pt":1540453435529,"mc":[{"id":"1.150066924","rc":[{"ltp":2.3,"id":2497008}]}]}
{"op":"mcm","clk":"7796457017","pt":1540453495254,"mc":[{"id":"1.150066924","rc":[{"ltp":2.32,"id":2497008}]}]}
{"op":"mcm","clk":"7796459683","pt":1540453555539,"mc":[{"id":"1.150066924","rc":[{"ltp":2.34,"id":2497008}]}]}
{"op":"mcm","clk":"7796462104","pt":1540453613874,"mc":[{"id":"1.150066924","rc":[{"ltp":2.32,"id":2497008}]}]}
{"op":"mcm","clk":"7796604126","pt":1540456075111,"mc":[{"id":"1.150066924","marketDefinition":{"bspMarket":false,"turnInPlayEnabled":true,"persistenceEnabled":true,"marketBaseRate":5.0,"eventId":"28972028","eventTypeId":"2","numberOfWinners":1,"bettingType":"ODDS","marketType":"MATCH_ODDS","marketTime":"2018-10-25T07:54:00.000Z","suspendTime":"2018-10-25T07:54:00.000Z","bspReconciled":false,"complete":true,"inPlay":true,"crossMatching":true,"runnersVoidable":false,"numberOfActiveRunners":2,"betDelay":5,"status":"OPEN","runners":[{"status":"ACTIVE","sortPriority":1,"id":2497008,"name":"Petra Kvitova"},{"status":"ACTIVE","sortPriority":2,"id":6199453,"name":"Karolina Pliskova"}],"regulators":["MR_INT"],"countryCode":"SG","discountAllowed":true,"timezone":"UTC","openDate":"2018-10-25T07:54:00.000Z","version":2474738968,"name":"Match Odds","eventName":"Kvitova v Ka Pliskova"},"rc":[{"ltp":1.22,"id":6199453},{"ltp":5.3,"id":2497008}]}]}
{"op":"mcm","clk":"7796606756","pt":1540456135459,"mc":[{"id":"1.150066924","rc":[{"ltp":1.24,"id":6199453},{"ltp":5.4,"id":2497008}]}]}
{"op":"mcm","clk":"7796609428","pt":1540456194804,"mc":[{"id":"1.150066924","rc":[{"ltp":1.23,"id":6199453},{"ltp":5.8,"id":2497008}]}]}
{"op":"mcm","clk":"7796612334","pt":1540456255399,"mc":[{"id":"1.150066924","rc":[{"ltp":1.28,"id":6199453},{"ltp":4.9,"id":2497008}]}]}
{"op":"mcm","clk":"7796614860","pt":1540456315053,"mc":[{"id":"1.150066924","rc":[{"ltp":1.26,"id":6199453},{"ltp":5.2,"id":2497008}]}]}
{"op":"mcm","clk":"7796617477","pt":1540456375209,"mc":[{"id":"1.150066924","rc":[{"ltp":1.27,"id":6199453},{"ltp":4.7,"id":2497008}]}]}
{"op":"mcm","clk":"7796620905","pt":1540456435515,"mc":[{"id":"1.150066924","rc":[{"ltp":1.31,"id":6199453},{"ltp":4.3,"id":2497008}]}]}
{"op":"mcm","clk":"7796623990","pt":1540456495498,"mc":[{"id":"1.150066924","rc":[{"ltp":1.34,"id":6199453},{"ltp":4.0,"id":2497008}]}]}
{"op":"mcm","clk":"7796627551","pt":1540456554834,"mc":[{"id":"1.150066924","rc":[{"ltp":1.3,"id":6199453},{"ltp":4.2,"id":2497008}]}]}
{"op":"mcm","clk":"7796631063","pt":1540456615411,"mc":[{"id":"1.150066924","rc":[{"ltp":1.23,"id":6199453},{"ltp":4.7,"id":2497008}]}]}
{"op":"mcm","clk":"7796634335","pt":1540456675421,"mc":[{"id":"1.150066924","rc":[{"ltp":1.25,"id":6199453}]}]}
{"op":"mcm","clk":"7796636920","pt":1540456735343,"mc":[{"id":"1.150066924","rc":[{"ltp":1.34,"id":6199453},{"ltp":4.1,"id":2497008}]}]}
{"op":"mcm","clk":"7796639530","pt":1540456795473,"mc":[{"id":"1.150066924","rc":[{"ltp":1.4,"id":6199453},{"ltp":3.5,"id":2497008}]}]}
{"op":"mcm","clk":"7796642535","pt":1540456855502,"mc":[{"id":"1.150066924","rc":[{"ltp":1.47,"id":6199453},{"ltp":3.2,"id":2497008}]}]}
{"op":"mcm","clk":"7796645372","pt":1540456915153,"mc":[{"id":"1.150066924","rc":[{"ltp":1.34,"id":6199453},{"ltp":4.1,"id":2497008}]}]}
{"op":"mcm","clk":"7796661166","pt":1540456975275,"mc":[{"id":"1.150066924","rc":[{"ltp":1.31,"id":6199453},{"ltp":4.3,"id":2497008}]}]}
{"op":"mcm","clk":"7796664051","pt":1540457035483,"mc":[{"id":"1.150066924","rc":[{"ltp":4.2,"id":2497008}]}]}
{"op":"mcm","clk":"7796666761","pt":1540457095049,"mc":[{"id":"1.150066924","rc":[{"ltp":1.33,"id":6199453},{"ltp":4.0,"id":2497008}]}]}
{"op":"mcm","clk":"7796669502","pt":1540457155070,"mc":[{"id":"1.150066924","rc":[{"ltp":4.1,"id":2497008}]}]}
{"op":"mcm","clk":"7796675153","pt":1540457275547,"mc":[{"id":"1.150066924","rc":[{"ltp":1.39,"id":6199453},{"ltp":3.55,"id":2497008}]}]}
{"op":"mcm","clk":"7796678106","pt":1540457334860,"mc":[{"id":"1.150066924","rc":[{"ltp":1.34,"id":6199453},{"ltp":3.95,"id":2497008}]}]}
{"op":"mcm","clk":"7796681049","pt":1540457395366,"mc":[{"id":"1.150066924","rc":[{"ltp":1.37,"id":6199453},{"ltp":3.15,"id":2497008}]}]}
{"op":"mcm","clk":"7796683970","pt":1540457455037,"mc":[{"id":"1.150066924","rc":[{"ltp":1.33,"id":6199453},{"ltp":4.3,"id":2497008}]}]}
{"op":"mcm","clk":"7796687753","pt":1540457515220,"mc":[{"id":"1.150066924","rc":[{"ltp":1.25,"id":6199453},{"ltp":5.1,"id":2497008}]}]}
{"op":"mcm","clk":"7796691402","pt":1540457574972,"mc":[{"id":"1.150066924","rc":[{"ltp":1.27,"id":6199453},{"ltp":4.8,"id":2497008}]}]}
{"op":"mcm","clk":"7796695161","pt":1540457635376,"mc":[{"id":"1.150066924","rc":[{"ltp":1.26,"id":6199453}]}]}
{"op":"mcm","clk":"7796698732","pt":1540457694981,"mc":[{"id":"1.150066924","rc":[{"ltp":4.9,"id":2497008}]}]}
{"op":"mcm","clk":"7796702841","pt":1540457755210,"mc":[{"id":"1.150066924","rc":[{"ltp":1.3,"id":6199453},{"ltp":4.2,"id":2497008}]}]}
{"op":"mcm","clk":"7796707489","pt":1540457815227,"mc":[{"id":"1.150066924","rc":[{"ltp":1.25,"id":6199453},{"ltp":5.0,"id":2497008}]}]}
{"op":"mcm","clk":"7796724288","pt":1540457875264,"mc":[{"id":"1.150066924","rc":[{"ltp":1.33,"id":6199453},{"ltp":3.7,"id":2497008}]}]}
{"op":"mcm","clk":"7796727626","pt":1540457935443,"mc":[{"id":"1.150066924","rc":[{"ltp":1.41,"id":6199453},{"ltp":3.45,"id":2497008}]}]}
{"op":"mcm","clk":"7796730783","pt":1540457995547,"mc":[{"id":"1.150066924","rc":[{"ltp":1.57,"id":6199453},{"ltp":2.76,"id":2497008}]}]}
{"op":"mcm","clk":"7796733880","pt":1540458055438,"mc":[{"id":"1.150066924","rc":[{"ltp":2.72,"id":2497008}]}]}
{"op":"mcm","clk":"7796736536","pt":1540458115469,"mc":[{"id":"1.150066924","rc":[{"ltp":1.6,"id":6199453},{"ltp":2.62,"id":2497008}]}]}
{"op":"mcm","clk":"7796739246","pt":1540458175500,"mc":[{"id":"1.150066924","rc":[{"ltp":1.58,"id":6199453},{"ltp":2.68,"id":2497008}]}]}
{"op":"mcm","clk":"7796742279","pt":1540458235546,"mc":[{"id":"1.150066924","rc":[{"ltp":1.56,"id":6199453},{"ltp":2.74,"id":2497008}]}]}
{"op":"mcm","clk":"7796744797","pt":1540458295143,"mc":[{"id":"1.150066924","rc":[{"ltp":1.65,"id":6199453},{"ltp":2.54,"id":2497008}]}]}
{"op":"mcm","clk":"7796747725","pt":1540458355377,"mc":[{"id":"1.150066924","rc":[{"ltp":1.73,"id":6199453},{"ltp":2.34,"id":2497008}]}]}
{"op":"mcm","clk":"7796750563","pt":1540458415213,"mc":[{"id":"1.150066924","rc":[{"ltp":1.74,"id":6199453},{"ltp":2.36,"id":2497008}]}]}
{"op":"mcm","clk":"7796753746","pt":1540458475460,"mc":[{"id":"1.150066924","rc":[{"ltp":1.87,"id":6199453},{"ltp":2.22,"id":2497008}]}]}
{"op":"mcm","clk":"7796757318","pt":1540458535510,"mc":[{"id":"1.150066924","rc":[{"ltp":1.92,"id":6199453},{"ltp":2.08,"id":2497008}]}]}
{"op":"mcm","clk":"7796760220","pt":1540458595254,"mc":[{"id":"1.150066924","rc":[{"ltp":1.7,"id":6199453},{"ltp":2.42,"id":2497008}]}]}
{"op":"mcm","clk":"7796762985","pt":1540458655455,"mc":[{"id":"1.150066924","rc":[{"ltp":1.6,"id":6199453},{"ltp":2.62,"id":2497008}]}]}
{"op":"mcm","clk":"7796765359","pt":1540458715479,"mc":[{"id":"1.150066924","rc":[{"ltp":1.59,"id":6199453},{"ltp":2.72,"id":2497008}]}]}
{"op":"mcm","clk":"7796781147","pt":1540458775546,"mc":[{"id":"1.150066924","rc":[{"ltp":1.54,"id":6199453},{"ltp":2.82,"id":2497008}]}]}
{"op":"mcm","clk":"7796783503","pt":1540458835387,"mc":[{"id":"1.150066924","rc":[{"ltp":1.42,"id":6199453},{"ltp":3.4,"id":2497008}]}]}
{"op":"mcm","clk":"7796785715","pt":1540458895538,"mc":[{"id":"1.150066924","rc":[{"ltp":1.43,"id":6199453},{"ltp":3.35,"id":2497008}]}]}
{"op":"mcm","clk":"7796788201","pt":1540458955355,"mc":[{"id":"1.150066924","rc":[{"ltp":1.38,"id":6199453},{"ltp":3.65,"id":2497008}]}]}
{"op":"mcm","clk":"7796791175","pt":1540459015027,"mc":[{"id":"1.150066924","rc":[{"ltp":1.53,"id":6199453},{"ltp":2.9,"id":2497008}]}]}
{"op":"mcm","clk":"7796794254","pt":1540459074827,"mc":[{"id":"1.150066924","rc":[{"ltp":1.77,"id":6199453},{"ltp":2.26,"id":2497008}]}]}
{"op":"mcm","clk":"7796797464","pt":1540459135313,"mc":[{"id":"1.150066924","rc":[{"ltp":1.78,"id":6199453}]}]}
{"op":"mcm","clk":"7796800097","pt":1540459195503,"mc":[{"id":"1.150066924","rc":[{"ltp":1.54,"id":6199453},{"ltp":2.8,"id":2497008}]}]}
{"op":"mcm","clk":"7796803359","pt":1540459255518,"mc":[{"id":"1.150066924","rc":[{"ltp":1.45,"id":6199453},{"ltp":3.25,"id":2497008}]}]}
{"op":"mcm","clk":"7796806769","pt":1540459315385,"mc":[{"id":"1.150066924","rc":[{"ltp":1.44,"id":6199453}]}]}
{"op":"mcm","clk":"7796809829","pt":1540459375377,"mc":[{"id":"1.150066924","rc":[{"ltp":1.53,"id":6199453},{"ltp":3.0,"id":2497008}]}]}
{"op":"mcm","clk":"7796812426","pt":1540459435420,"mc":[{"id":"1.150066924","rc":[{"ltp":1.47,"id":6199453},{"ltp":3.15,"id":2497008}]}]}
{"op":"mcm","clk":"7796815026","pt":1540459495462,"mc":[{"id":"1.150066924","rc":[{"ltp":1.3,"id":6199453},{"ltp":4.4,"id":2497008}]}]}
{"op":"mcm","clk":"7796817481","pt":1540459555514,"mc":[{"id":"1.150066924","rc":[{"ltp":1.24,"id":6199453},{"ltp":5.1,"id":2497008}]}]}
{"op":"mcm","clk":"7796819977","pt":1540459615391,"mc":[{"id":"1.150066924","rc":[{"ltp":1.16,"id":6199453},{"ltp":6.8,"id":2497008}]}]}
{"op":"mcm","clk":"7796835985","pt":1540459675470,"mc":[{"id":"1.150066924","rc":[{"ltp":1.1,"id":6199453},{"ltp":11.0,"id":2497008}]}]}
{"op":"mcm","clk":"7796839109","pt":1540459735496,"mc":[{"id":"1.150066924","rc":[{"ltp":1.08,"id":6199453},{"ltp":15.0,"id":2497008}]}]}
{"op":"mcm","clk":"7796841973","pt":1540459795446,"mc":[{"id":"1.150066924","rc":[{"ltp":14.5,"id":2497008}]}]}
{"op":"mcm","clk":"7796845303","pt":1540459855541,"mc":[{"id":"1.150066924","rc":[{"ltp":1.02,"id":6199453},{"ltp":44.0,"id":2497008}]}]}
{"op":"mcm","clk":"7796848298","pt":1540459915539,"mc":[{"id":"1.150066924","rc":[{"ltp":34.0,"id":2497008}]}]}
{"op":"mcm","clk":"7796851542","pt":1540459974679,"mc":[{"id":"1.150066924","marketDefinition":{"bspMarket":false,"turnInPlayEnabled":true,"persistenceEnabled":true,"marketBaseRate":5.0,"eventId":"28972028","eventTypeId":"2","numberOfWinners":1,"bettingType":"ODDS","marketType":"MATCH_ODDS","marketTime":"2018-10-25T07:54:00.000Z","suspendTime":"2018-10-25T07:54:00.000Z","bspReconciled":false,"complete":true,"inPlay":true,"crossMatching":true,"runnersVoidable":false,"numberOfActiveRunners":2,"betDelay":5,"status":"SUSPENDED","runners":[{"status":"ACTIVE","sortPriority":1,"id":2497008,"name":"Petra Kvitova"},{"status":"ACTIVE","sortPriority":2,"id":6199453,"name":"Karolina Pliskova"}],"regulators":["MR_INT"],"countryCode":"SG","discountAllowed":true,"timezone":"UTC","openDate":"2018-10-25T07:54:00.000Z","version":2474773580,"name":"Match Odds","eventName":"Kvitova v Ka Pliskova"}}]}
{"op":"mcm","clk":"7796855069","pt":1540460045249,"mc":[{"id":"1.150066924","marketDefinition":{"bspMarket":false,"turnInPlayEnabled":true,"persistenceEnabled":true,"marketBaseRate":5.0,"eventId":"28972028","eventTypeId":"2","numberOfWinners":1,"bettingType":"ODDS","marketType":"MATCH_ODDS","marketTime":"2018-10-25T07:54:00.000Z","suspendTime":"2018-10-25T07:54:00.000Z","bspReconciled":false,"complete":true,"inPlay":true,"crossMatching":false,"runnersVoidable":false,"numberOfActiveRunners":0,"betDelay":5,"status":"CLOSED","settledTime":"2018-10-25T09:33:28.000Z","runners":[{"status":"LOSER","sortPriority":1,"id":2497008,"name":"Petra Kvitova"},{"status":"WINNER","sortPriority":2,"id":6199453,"name":"Karolina Pliskova"}],"regulators":["MR_INT"],"countryCode":"SG","discountAllowed":true,"timezone":"UTC","openDate":"2018-10-25T07:54:00.000Z","version":2474774450,"name":"Match Odds","eventName":"Kvitova v Ka Pliskova"}}]}
