{"op":"mcm","clk":"7806519020","pt":1540560867303,"mc":[{"id":"1.150240958","marketDefinition":{"bspMarket":false,"turnInPlayEnabled":true,"persistenceEnabled":true,"marketBaseRate":5.0,"eventId":"28977245","eventTypeId":"2","numberOfWinners":1,"bettingType":"ODDS","marketType":"MATCH_ODDS","marketTime":"2018-10-27T08:00:00.000Z","suspendTime":"2018-10-27T08:00:00.000Z","bspReconciled":false,"complete":true,"inPlay":false,"crossMatching":true,"runnersVoidable":false,"numberOfActiveRunners":2,"betDelay":0,"status":"OPEN","runners":[{"status":"ACTIVE","sortPriority":1,"id":5611697,"name":"Kiki Bertens"},{"status":"ACTIVE","sortPriority":2,"id":6324464,"name":"Elina Svitolina"}],"regulators":["MR_INT"],"countryCode":"SG","discountAllowed":true,"timezone":"UTC","openDate":"2018-10-27T08:00:00.000Z","version":2476177297,"name":"Match Odds","eventName":"18726268"}}]}
{"op":"mcm","clk":"7807281116","pt":1540567123485,"mc":[{"id":"1.150240958","rc":[{"ltp":1.77,"id":6324464},{"ltp":2.28,"id":5611697}]}]}
{"op":"mcm","clk":"7807964761","pt":1540572020841,"mc":[{"id":"1.150240958","rc":[{"ltp":1.62,"id":6324464}]}]}
{"op":"mcm","clk":"7808343366","pt":1540574379782,"mc":[{"id":"1.150240958","rc":[{"ltp":1.69,"id":6324464},{"ltp":2.44,"id":5611697}]}]}
{"op":"mcm","clk":"7808507729","pt":1540575354382,"mc":[{"id":"1.150240958","rc":[{"ltp":1.64,"id":6324464},{"ltp":2.58,"id":5611697}]}]}
{"op":"mcm","clk":"7808662100","pt":1540576307068,"mc":[{"id":"1.150240958","rc":[{"ltp":1.69,"id":6324464},{"ltp":2.44,"id":5611697}]}]}
{"op":"mcm","clk":"7809516243","pt":1540580938724,"mc":[{"id":"1.150240958","rc":[{"ltp":1.67,"id":6324464},{"ltp":2.48,"id":5611697}]}]}
{"op":"mcm","clk":"7810058414","pt":1540584017456,"mc":[{"id":"1.150240958","rc":[{"ltp":1.66,"id":6324464},{"ltp":2.52,"id":5611697}]}]}
{"op":"mcm","clk":"7810186560","pt":1540585058928,"mc":[{"id":"1.150240958","rc":[{"ltp":1.65,"id":6324464}]}]}
{"op":"mcm","clk":"7810228867","pt":1540585544994,"mc":[{"id":"1.150240958","rc":[{"ltp":1.67,"id":6324464}]}]}
{"op":"mcm","clk":"7810234189","pt":1540585607894,"mc":[{"id":"1.150240958","rc":[{"ltp":1.68,"id":6324464}]}]}
{"op":"mcm","clk":"7810260302","pt":1540585723499,"mc":[{"id":"1.150240958","rc":[{"ltp":1.66,"id":6324464},{"ltp":2.46,"id":5611697}]}]}
{"op":"mcm","clk":"7810417942","pt":1540587450367,"mc":[{"id":"1.150240958","rc":[{"ltp":2.52,"id":5611697}]}]}
{"op":"mcm","clk":"7810424669","pt":1540587582340,"mc":[{"id":"1.150240958","rc":[{"ltp":1.65,"id":6324464},{"ltp":2.54,"id":5611697}]}]}
{"op":"mcm","clk":"7810463154","pt":1540588158085,"mc":[{"id":"1.150240958","rc":[{"ltp":1.64,"id":6324464}]}]}
{"op":"mcm","clk":"7810505867","pt":1540588554872,"mc":[{"id":"1.150240958","rc":[{"ltp":1.67,"id":6324464},{"ltp":2.5,"id":5611697}]}]}
{"op":"mcm","clk":"7810509838","pt":1540588606387,"mc":[{"id":"1.150240958","rc":[{"ltp":1.66,"id":6324464}]}]}
{"op":"mcm","clk":"7810575122","pt":1540589273514,"mc":[{"id":"1.150240958","rc":[{"ltp":1.65,"id":6324464}]}]}
{"op":"mcm","clk":"7810620125","pt":1540590026583,"mc":[{"id":"1.150240958","rc":[{"ltp":1.66,"id":6324464}]}]}
{"op":"mcm","clk":"7810622868","pt":1540590076026,"mc":[{"id":"1.150240958","rc":[{"ltp":1.67,"id":6324464}]}]}
{"op":"mcm","clk":"7810649694","pt":1540590274879,"mc":[{"id":"1.150240958","rc":[{"ltp":2.48,"id":5611697}]}]}
{"op":"mcm","clk":"7810657787","pt":1540590440307,"mc":[{"id":"1.150240958","rc":[{"ltp":1.66,"id":6324464}]}]}
{"op":"mcm","clk":"7810666138","pt":1540590588530,"mc":[{"id":"1.150240958","rc":[{"ltp":1.67,"id":6324464}]}]}
{"op":"mcm","clk":"7810736072","pt":1540591533309,"mc":[{"id":"1.150240958","rc":[{"ltp":1.66,"id":6324464}]}]}
{"op":"mcm","clk":"7810809053","pt":1540592328993,"mc":[{"id":"1.150240958","rc":[{"ltp":1.67,"id":6324464}]}]}
{"op":"mcm","clk":"7810832257","pt":1540592642094,"mc":[{"id":"1.150240958","rc":[{"ltp":1.68,"id":6324464},{"ltp":2.46,"id":5611697}]}]}
{"op":"mcm","clk":"7810861903","pt":1540592833617,"mc":[{"id":"1.150240958","rc":[{"ltp":1.67,"id":6324464},{"ltp":2.5,"id":5611697}]}]}
{"op":"mcm","clk":"7810879748","pt":1540593083092,"mc":[{"id":"1.150240958","rc":[{"ltp":2.48,"id":5611697}]}]}
{"op":"mcm","clk":"7810889061","pt":1540593213139,"mc":[{"id":"1.150240958","rc":[{"ltp":1.66,"id":6324464}]}]}
{"op":"mcm","clk":"7810893672","pt":1540593273764,"mc":[{"id":"1.150240958","rc":[{"ltp":1.67,"id":6324464}]}]}
{"op":"mcm","clk":"7811002756","pt":1540594545450,"mc":[{"id":"1.150240958","rc":[{"ltp":1.68,"id":6324464}]}]}
{"op":"mcm","clk":"7811006816","pt":1540594595937,"mc":[{"id":"1.150240958","rc":[{"ltp":1.66,"id":6324464}]}]}
{"op":"mcm","clk":"7811118291","pt":1540595695722,"mc":[{"id":"1.150240958","rc":[{"ltp":2.5,"id":5611697}]}]}
{"op":"mcm","clk":"7811154702","pt":1540596170955,"mc":[{"id":"1.150240958","rc":[{"ltp":1.67,"id":6324464},{"ltp":2.48,"id":5611697}]}]}
{"op":"mcm","clk":"7811206623","pt":1540596683129,"mc":[{"id":"1.150240958","rc":[{"ltp":1.66,"id":6324464}]}]}
{"op":"mcm","clk":"7811271351","pt":1540597341688,"mc":[{"id":"1.150240958","rc":[{"ltp":1.67,"id":6324464}]}]}
{"op":"mcm","clk":"7811622045","pt":1540601984616,"mc":[{"id":"1.150240958","rc":[{"ltp":1.66,"id":6324464}]}]}
{"op":"mcm","clk":"7811644553","pt":1540602407946,"mc":[{"id":"1.150240958","rc":[{"ltp":1.68,"id":6324464}]}]}
{"op":"mcm","clk":"7811656307","pt":1540602628120,"mc":[{"id":"1.150240958","rc":[{"ltp":1.67,"id":6324464},{"ltp":2.5,"id":5611697}]}]}
{"op":"mcm","clk":"7811701558","pt":1540603073078,"mc":[{"id":"1.150240958","rc":[{"ltp":1.66,"id":6324464}]}]}
{"op":"mcm","clk":"7811730035","pt":1540603432912,"mc":[{"id":"1.150240958","rc":[{"ltp":1.67,"id":6324464}]}]}
{"op":"mcm","clk":"7811732562","pt":1540603477027,"mc":[{"id":"1.150240958","rc":[{"ltp":1.66,"id":6324464}]}]}
{"op":"mcm","clk":"7811765818","pt":1540603730743,"mc":[{"id":"1.150240958","rc":[{"ltp":2.48,"id":5611697}]}]}
{"op":"mcm","clk":"7811789179","pt":1540604024378,"mc":[{"id":"1.150240958","rc":[{"ltp":1.67,"id":6324464}]}]}
{"op":"mcm","clk":"7811878271","pt":1540605146693,"mc":[{"id":"1.150240958","rc":[{"ltp":2.5,"id":5611697}]}]}
{"op":"mcm","clk":"7811881142","pt":1540605201597,"mc":[{"id":"1.150240958","rc":[{"ltp":1.68,"id":6324464},{"ltp":2.46,"id":5611697}]}]}
{"op":"mcm","clk":"7811931299","pt":1540605762887,"mc":[{"id":"1.150240958","rc":[{"ltp":1.67,"id":6324464}]}]}
{"op":"mcm","clk":"7811965834","pt":1540606313195,"mc":[{"id":"1.150240958","rc":[{"ltp":1.68,"id":6324464}]}]}
{"op":"mcm","clk":"7812040477","pt":1540607033485,"mc":[{"id":"1.150240958","rc":[{"ltp":1.67,"id":6324464},{"ltp":2.48,"id":5611697}]}]}
{"op":"mcm","clk":"7812044232","pt":1540607077369,"mc":[{"id":"1.150240958","rc":[{"ltp":1.66,"id":6324464},{"ltp":2.5,"id":5611697}]}]}
{"op":"mcm","clk":"7812114572","pt":1540607813564,"mc":[{"id":"1.150240958","rc":[{"ltp":1.68,"id":6324464},{"ltp":2.48,"id":5611697}]}]}
{"op":"mcm","clk":"7812128683","pt":1540607991951,"mc":[{"id":"1.150240958","rc":[{"ltp":1.69,"id":6324464}]}]}
{"op":"mcm","clk":"7812176141","pt":1540608425921,"mc":[{"id":"1.150240958","rc":[{"ltp":2.46,"id":5611697}]}]}
{"op":"mcm","clk":"7812574971","pt":1540612919518,"mc":[{"id":"1.150240958","rc":[{"ltp":1.68,"id":6324464}]}]}
{"op":"mcm","clk":"7812665892","pt":1540613754720,"mc":[{"id":"1.150240958","rc":[{"ltp":1.69,"id":6324464}]}]}
{"op":"mcm","clk":"7812680992","pt":1540613934745,"mc":[{"id":"1.150240958","rc":[{"ltp":1.67,"id":6324464}]}]}
{"op":"mcm","clk":"7812701810","pt":1540614161914,"mc":[{"id":"1.150240958","rc":[{"ltp":1.68,"id":6324464}]}]}
{"op":"mcm","clk":"7812722994","pt":1540614388621,"mc":[{"id":"1.150240958","rc":[{"ltp":1.67,"id":6324464}]}]}
{"op":"mcm","clk":"7812820973","pt":1540615253163,"mc":[{"id":"1.150240958","rc":[{"ltp":1.68,"id":6324464}]}]}
{"op":"mcm","clk":"7812851316","pt":1540615403163,"mc":[{"id":"1.150240958","rc":[{"ltp":1.69,"id":6324464}]}]}
{"op":"mcm","clk":"7812873815","pt":1540615705469,"mc":[{"id":"1.150240958","rc":[{"ltp":2.44,"id":5611697}]}]}
{"op":"mcm","clk":"7812887823","pt":1540615907366,"mc":[{"id":"1.150240958","rc":[{"ltp":1.68,"id":6324464},{"ltp":2.46,"id":5611697}]}]}
{"op":"mcm","clk":"7812891918","pt":1540615960453,"mc":[{"id":"1.150240958","rc":[{"ltp":1.67,"id":6324464}]}]}
{"op":"mcm","clk":"7812898813","pt":1540616055728,"mc":[{"id":"1.150240958","rc":[{"ltp":1.69,"id":6324464},{"ltp":2.44,"id":5611697}]}]}
{"op":"mcm","clk":"7812980407","pt":1540616933620,"mc":[{"id":"1.150240958","rc":[{"ltp":1.67,"id":6324464}]}]}
{"op":"mcm","clk":"7813013953","pt":1540617148962,"mc":[{"id":"1.150240958","rc":[{"ltp":1.69,"id":6324464}]}]}
{"op":"mcm","clk":"7813112636","pt":1540618050125,"mc":[{"id":"1.150240958","rc":[{"ltp":1.7,"id":6324464}]}]}
{"op":"mcm","clk":"7813270897","pt":1540619674384,"mc":[{"id":"1.150240958","rc":[{"ltp":1.69,"id":6324464}]}]}
{"op":"mcm","clk":"7813329637","pt":1540620173911,"mc":[{"id":"1.150240958","rc":[{"ltp":1.71,"id":6324464}]}]}
{"op":"mcm","clk":"7813350339","pt":1540620402063,"mc":[{"id":"1.150240958","rc":[{"ltp":2.4,"id":5611697}]}]}
{"op":"mcm","clk":"7813365877","pt":1540620595757,"mc":[{"id":"1.150240958","rc":[{"ltp":1.72,"id":6324464}]}]}
{"op":"mcm","clk":"7813366581","pt":1540620603849,"mc":[{"id":"1.150240958","rc":[{"ltp":1.71,"id":6324464}]}]}
{"op":"mcm","clk":"7813396954","pt":1540620774107,"mc":[{"id":"1.150240958","rc":[{"ltp":1.72,"id":6324464}]}]}
{"op":"mcm","clk":"7813405699","pt":1540620895787,"mc":[{"id":"1.150240958","rc":[{"ltp":1.71,"id":6324464}]}]}
{"op":"mcm","clk":"7813410541","pt":1540620955143,"mc":[{"id":"1.150240958","rc":[{"ltp":1.7,"id":6324464}]}]}
{"op":"mcm","clk":"7813415110","pt":1540621007979,"mc":[{"id":"1.150240958","rc":[{"ltp":1.72,"id":6324464}]}]}
{"op":"mcm","clk":"7813419783","pt":1540621065173,"mc":[{"id":"1.150240958","rc":[{"ltp":1.73,"id":6324464}]}]}
{"op":"mcm","clk":"7813442294","pt":1540621364053,"mc":[{"id":"1.150240958","rc":[{"ltp":1.71,"id":6324464}]}]}
{"op":"mcm","clk":"7813459438","pt":1540621586547,"mc":[{"id":"1.150240958","rc":[{"ltp":1.73,"id":6324464}]}]}
{"op":"mcm","clk":"7813489870","pt":1540621735078,"mc":[{"id":"1.150240958","rc":[{"ltp":1.72,"id":6324464}]}]}
{"op":"mcm","clk":"7813491769","pt":1540621759409,"mc":[{"id":"1.150240958","rc":[{"ltp":1.73,"id":6324464}]}]}
{"op":"mcm","clk":"7813501407","pt":1540621873393,"mc":[{"id":"1.150240958","rc":[{"ltp":1.72,"id":6324464}]}]}
{"op":"mcm","clk":"7813549286","pt":1540622395614,"mc":[{"id":"1.150240958","rc":[{"ltp":1.71,"id":6324464}]}]}
{"op":"mcm","clk":"7813591268","pt":1540622688240,"mc":[{"id":"1.150240958","rc":[{"ltp":1.73,"id":6324464}]}]}
{"op":"mcm","clk":"7813601091","pt":1540622811943,"mc":[{"id":"1.150240958","rc":[{"ltp":1.71,"id":6324464}]}]}
{"op":"mcm","clk":"7813606184","pt":1540622874994,"mc":[{"id":"1.150240958","rc":[{"ltp":1.72,"id":6324464}]}]}
{"op":"mcm","clk":"7813652733","pt":1540623405387,"mc":[{"id":"1.150240958","rc":[{"ltp":1.71,"id":6324464}]}]}
{"op":"mcm","clk":"7813675595","pt":1540623474678,"mc":[{"id":"1.150240958","rc":[{"ltp":2.38,"id":5611697}]}]}
{"op":"mcm","clk":"7813676118","pt":1540623480509,"mc":[{"id":"1.150240958","rc":[{"ltp":1.7,"id":6324464}]}]}
{"op":"mcm","clk":"7813700300","pt":1540623710767,"mc":[{"id":"1.150240958","rc":[{"ltp":2.4,"id":5611697}]}]}
{"op":"mcm","clk":"7813704264","pt":1540623750814,"mc":[{"id":"1.150240958","rc":[{"ltp":1.71,"id":6324464}]}]}
{"op":"mcm","clk":"7813711178","pt":1540623815475,"mc":[{"id":"1.150240958","rc":[{"ltp":1.72,"id":6324464}]}]}
{"op":"mcm","clk":"7813718976","pt":1540623894653,"mc":[{"id":"1.150240958","rc":[{"ltp":1.71,"id":6324464}]}]}
{"op":"mcm","clk":"7813742386","pt":1540624134615,"mc":[{"id":"1.150240958","rc":[{"ltp":1.7,"id":6324464},{"ltp":2.42,"id":5611697}]}]}
{"op":"mcm","clk":"7813747826","pt":1540624192159,"mc":[{"id":"1.150240958","rc":[{"ltp":2.44,"id":5611697}]}]}
{"op":"mcm","clk":"7813779721","pt":1540624339537,"mc":[{"id":"1.150240958","rc":[{"ltp":1.69,"id":6324464},{"ltp":2.42,"id":5611697}]}]}
{"op":"mcm","clk":"7813788442","pt":1540624430306,"mc":[{"id":"1.150240958","rc":[{"ltp":1.7,"id":6324464},{"ltp":2.4,"id":5611697}]}]}
{"op":"mcm","clk":"7813793360","pt":1540624484245,"mc":[{"id":"1.150240958","rc":[{"ltp":1.71,"id":6324464}]}]}
{"op":"mcm","clk":"7813816796","pt":1540624716770,"mc":[{"id":"1.150240958","rc":[{"ltp":1.72,"id":6324464}]}]}
{"op":"mcm","clk":"7813822726","pt":1540624791979,"mc":[{"id":"1.150240958","rc":[{"ltp":2.38,"id":5611697}]}]}
{"op":"mcm","clk":"7813827975","pt":1540624852793,"mc":[{"id":"1.150240958","rc":[{"ltp":1.7,"id":6324464},{"ltp":2.4,"id":5611697}]}]}
{"op":"mcm","clk":"7813845338","pt":1540625033964,"mc":[{"id":"1.150240958","rc":[{"ltp":1.71,"id":6324464}]}]}
{"op":"mcm","clk":"7813850878","pt":1540625090749,"mc":[{"id":"1.150240958","rc":[{"ltp":2.42,"id":5611697}]}]}
{"op":"mcm","clk":"7813854134","pt":1540625131680,"mc":[{"id":"1.150240958","rc":[{"ltp":1.7,"id":6324464}]}]}
{"op":"mcm","clk":"7813860076","pt":1540625207700,"mc":[{"id":"1.150240958","rc":[{"ltp":2.4,"id":5611697}]}]}
{"op":"mcm","clk":"7813882470","pt":1540625274872,"mc":[{"id":"1.150240958","rc":[{"ltp":1.71,"id":6324464}]}]}
{"op":"mcm","clk":"7813887293","pt":1540625332200,"mc":[{"id":"1.150240958","rc":[{"ltp":2.42,"id":5611697}]}]}
{"op":"mcm","clk":"7813898288","pt":1540625455676,"mc":[{"id":"1.150240958","rc":[{"ltp":1.7,"id":6324464},{"ltp":2.44,"id":5611697}]}]}
{"op":"mcm","clk":"7813901961","pt":1540625489769,"mc":[{"id":"1.150240958","rc":[{"ltp":1.69,"id":6324464},{"ltp":2.46,"id":5611697}]}]}
{"op":"mcm","clk":"7813910495","pt":1540625575743,"mc":[{"id":"1.150240958","rc":[{"ltp":1.7,"id":6324464},{"ltp":2.42,"id":5611697}]}]}
{"op":"mcm","clk":"7813916146","pt":1540625634980,"mc":[{"id":"1.150240958","rc":[{"ltp":1.69,"id":6324464},{"ltp":2.44,"id":5611697}]}]}
{"op":"mcm","clk":"7813929172","pt":1540625750711,"mc":[{"id":"1.150240958","rc":[{"ltp":1.7,"id":6324464}]}]}
{"op":"mcm","clk":"7813935535","pt":1540625815538,"mc":[{"id":"1.150240958","rc":[{"ltp":1.71,"id":6324464},{"ltp":2.42,"id":5611697}]}]}
{"op":"mcm","clk":"7813941307","pt":1540625875886,"mc":[{"id":"1.150240958","rc":[{"ltp":1.69,"id":6324464},{"ltp":2.46,"id":5611697}]}]}
{"op":"mcm","clk":"7813947958","pt":1540625935108,"mc":[{"id":"1.150240958","rc":[{"ltp":1.7,"id":6324464},{"ltp":2.44,"id":5611697}]}]}
{"op":"mcm","clk":"7813957305","pt":1540626023629,"mc":[{"id":"1.150240958","rc":[{"ltp":1.68,"id":6324464}]}]}
{"op":"mcm","clk":"7813967291","pt":1540626112004,"mc":[{"id":"1.150240958","rc":[{"ltp":2.46,"id":5611697}]}]}
{"op":"mcm","clk":"7813990577","pt":1540626175741,"mc":[{"id":"1.150240958","rc":[{"ltp":1.7,"id":6324464}]}]}
{"op":"mcm","clk":"7813996072","pt":1540626231705,"mc":[{"id":"1.150240958","rc":[{"ltp":1.69,"id":6324464}]}]}
{"op":"mcm","clk":"7814002009","pt":1540626294719,"mc":[{"id":"1.150240958","rc":[{"ltp":1.68,"id":6324464},{"ltp":2.44,"id":5611697}]}]}
{"op":"mcm","clk":"7814008772","pt":1540626355678,"mc":[{"id":"1.150240958","rc":[{"ltp":1.69,"id":6324464},{"ltp":2.46,"id":5611697}]}]}
{"op":"mcm","clk":"7814014593","pt":1540626415492,"mc":[{"id":"1.150240958","rc":[{"ltp":2.4,"id":5611697}]}]}
{"op":"mcm","clk":"7814020905","pt":1540626471081,"mc":[{"id":"1.150240958","rc":[{"ltp":2.42,"id":5611697}]}]}
{"op":"mcm","clk":"7814026691","pt":1540626531654,"mc":[{"id":"1.150240958","marketDefinition":{"bspMarket":false,"turnInPlayEnabled":true,"persistenceEnabled":true,"marketBaseRate":5.0,"eventId":"28977245","eventTypeId":"2","numberOfWinners":1,"bettingType":"ODDS","marketType":"MATCH_ODDS","marketTime":"2018-10-27T07:45:00.000Z","suspendTime":"2018-10-27T07:45:00.000Z","bspReconciled":false,"complete":true,"inPlay":false,"crossMatching":true,"runnersVoidable":false,"numberOfActiveRunners":2,"betDelay":0,"status":"OPEN","runners":[{"status":"ACTIVE","sortPriority":1,"id":5611697,"name":"Kiki Bertens"},{"status":"ACTIVE","sortPriority":2,"id":6324464,"name":"Elina Svitolina"}],"regulators":["MR_INT"],"countryCode":"SG","discountAllowed":true,"timezone":"UTC","openDate":"2018-10-27T07:45:00.000Z","version":2477684493,"name":"Match Odds","eventName":"18726268"},"rc":[{"ltp":1.68,"id":6324464},{"ltp":2.46,"id":5611697}]}]}
{"op":"mcm","clk":"7814038109","pt":1540626648575,"mc":[{"id":"1.150240958","rc":[{"ltp":2.48,"id":5611697}]}]}
{"op":"mcm","clk":"7814044566","pt":1540626715596,"mc":[{"id":"1.150240958","rc":[{"ltp":1.67,"id":6324464}]}]}
{"op":"mcm","clk":"7814051784","pt":1540626775720,"mc":[{"id":"1.150240958","rc":[{"ltp":1.68,"id":6324464},{"ltp":2.46,"id":5611697}]}]}
{"op":"mcm","clk":"7814058374","pt":1540626834723,"mc":[{"id":"1.150240958","rc":[{"ltp":1.67,"id":6324464}]}]}
{"op":"mcm","clk":"7814063975","pt":1540626891174,"mc":[{"id":"1.150240958","rc":[{"ltp":1.7,"id":6324464},{"ltp":2.42,"id":5611697}]}]}
{"op":"mcm","clk":"7814076016","pt":1540627015221,"mc":[{"id":"1.150240958","rc":[{"ltp":1.68,"id":6324464},{"ltp":2.46,"id":5611697}]}]}
{"op":"mcm","clk":"7814099601","pt":1540627075239,"mc":[{"id":"1.150240958","rc":[{"ltp":2.44,"id":5611697}]}]}
{"op":"mcm","clk":"7814105571","pt":1540627132294,"mc":[{"id":"1.150240958","rc":[{"ltp":1.7,"id":6324464},{"ltp":2.42,"id":5611697}]}]}
{"op":"mcm","clk":"7814111235","pt":1540627190339,"mc":[{"id":"1.150240958","rc":[{"ltp":1.71,"id":6324464},{"ltp":2.4,"id":5611697}]}]}
{"op":"mcm","clk":"7814118178","pt":1540627254448,"mc":[{"id":"1.150240958","rc":[{"ltp":2.44,"id":5611697}]}]}
{"op":"mcm","clk":"7814124243","pt":1540627305388,"mc":[{"id":"1.150240958","rc":[{"ltp":1.7,"id":6324464},{"ltp":2.42,"id":5611697}]}]}
{"op":"mcm","clk":"7814131737","pt":1540627372766,"mc":[{"id":"1.150240958","rc":[{"ltp":1.71,"id":6324464}]}]}
{"op":"mcm","clk":"7814139172","pt":1540627432960,"mc":[{"id":"1.150240958","rc":[{"ltp":1.69,"id":6324464}]}]}
{"op":"mcm","clk":"7814146429","pt":1540627495767,"mc":[{"id":"1.150240958","rc":[{"ltp":1.7,"id":6324464},{"ltp":2.44,"id":5611697}]}]}
{"op":"mcm","clk":"7814154046","pt":1540627555397,"mc":[{"id":"1.150240958","rc":[{"ltp":2.42,"id":5611697}]}]}
{"op":"mcm","clk":"7814162189","pt":1540627615865,"mc":[{"id":"1.150240958","rc":[{"ltp":1.68,"id":6324464},{"ltp":2.44,"id":5611697}]}]}
{"op":"mcm","clk":"7814170268","pt":1540627675648,"mc":[{"id":"1.150240958","rc":[{"ltp":1.69,"id":6324464},{"ltp":2.46,"id":5611697}]}]}
{"op":"mcm","clk":"7814178013","pt":1540627732419,"mc":[{"id":"1.150240958","rc":[{"ltp":1.67,"id":6324464},{"ltp":2.48,"id":5611697}]}]}
{"op":"mcm","clk":"7814202873","pt":1540627915010,"mc":[{"id":"1.150240958","marketDefinition":{"bspMarket":false,"turnInPlayEnabled":true,"persistenceEnabled":true,"marketBaseRate":5.0,"eventId":"28977245","eventTypeId":"2","numberOfWinners":1,"bettingType":"ODDS","marketType":"MATCH_ODDS","marketTime":"2018-10-27T07:45:00.000Z","suspendTime":"2018-10-27T07:45:00.000Z","bspReconciled":false,"complete":true,"inPlay":true,"crossMatching":true,"runnersVoidable":false,"numberOfActiveRunners":2,"betDelay":5,"status":"OPEN","runners":[{"status":"ACTIVE","sortPriority":1,"id":5611697,"name":"Kiki Bertens"},{"status":"ACTIVE","sortPriority":2,"id":6324464,"name":"Elina Svitolina"}],"regulators":["MR_INT"],"countryCode":"SG","discountAllowed":true,"timezone":"UTC","openDate":"2018-10-27T07:45:00.000Z","version":2477714464,"name":"Match Odds","eventName":"18726268"},"rc":[{"ltp":1.73,"id":6324464},{"ltp":2.36,"id":5611697}]}]}
{"op":"mcm","clk":"7814227334","pt":1540627974963,"mc":[{"id":"1.150240958","rc":[{"ltp":1.78,"id":6324464},{"ltp":2.3,"id":5611697}]}]}
{"op":"mcm","clk":"7814235399","pt":1540628034273,"mc":[{"id":"1.150240958","rc":[{"ltp":1.76,"id":6324464},{"ltp":2.38,"id":5611697}]}]}
{"op":"mcm","clk":"7814243242","pt":1540628095534,"mc":[{"id":"1.150240958","rc":[{"ltp":1.56,"id":6324464},{"ltp":2.8,"id":5611697}]}]}
{"op":"mcm","clk":"7814251526","pt":1540628155743,"mc":[{"id":"1.150240958","rc":[{"ltp":1.51,"id":6324464},{"ltp":2.96,"id":5611697}]}]}
{"op":"mcm","clk":"7814259662","pt":1540628215662,"mc":[{"id":"1.150240958","rc":[{"ltp":1.66,"id":6324464},{"ltp":2.52,"id":5611697}]}]}
{"op":"mcm","clk":"7814267190","pt":1540628275598,"mc":[{"id":"1.150240958","rc":[{"ltp":1.67,"id":6324464},{"ltp":2.48,"id":5611697}]}]}
{"op":"mcm","clk":"7814275379","pt":1540628335453,"mc":[{"id":"1.150240958","rc":[{"ltp":1.59,"id":6324464},{"ltp":2.68,"id":5611697}]}]}
{"op":"mcm","clk":"7814282763","pt":1540628395575,"mc":[{"id":"1.150240958","rc":[{"ltp":2.62,"id":5611697}]}]}
{"op":"mcm","clk":"7814289682","pt":1540628455633,"mc":[{"id":"1.150240958","rc":[{"ltp":1.6,"id":6324464},{"ltp":2.68,"id":5611697}]}]}
{"op":"mcm","clk":"7814296203","pt":1540628515722,"mc":[{"id":"1.150240958","rc":[{"ltp":1.66,"id":6324464},{"ltp":2.5,"id":5611697}]}]}
{"op":"mcm","clk":"7814302594","pt":1540628575852,"mc":[{"id":"1.150240958","rc":[{"ltp":1.51,"id":6324464},{"ltp":2.96,"id":5611697}]}]}
{"op":"mcm","clk":"7814309186","pt":1540628635855,"mc":[{"id":"1.150240958","rc":[{"ltp":1.57,"id":6324464},{"ltp":2.76,"id":5611697}]}]}
{"op":"mcm","clk":"7814322791","pt":1540628755682,"mc":[{"id":"1.150240958","rc":[{"ltp":1.36,"id":6324464},{"ltp":3.75,"id":5611697}]}]}
{"op":"mcm","clk":"7814330145","pt":1540628815780,"mc":[{"id":"1.150240958","rc":[{"ltp":1.35,"id":6324464}]}]}
{"op":"mcm","clk":"7814353700","pt":1540628875432,"mc":[{"id":"1.150240958","rc":[{"ltp":3.85,"id":5611697}]}]}
{"op":"mcm","clk":"7814360463","pt":1540628935678,"mc":[{"id":"1.150240958","rc":[{"ltp":1.39,"id":6324464},{"ltp":3.4,"id":5611697}]}]}
{"op":"mcm","clk":"7814366598","pt":1540628995826,"mc":[{"id":"1.150240958","rc":[{"ltp":1.56,"id":6324464},{"ltp":2.78,"id":5611697}]}]}
{"op":"mcm","clk":"7814375017","pt":1540629055659,"mc":[{"id":"1.150240958","rc":[{"ltp":1.58,"id":6324464},{"ltp":2.68,"id":5611697}]}]}
{"op":"mcm","clk":"7814382623","pt":1540629115338,"mc":[{"id":"1.150240958","rc":[{"ltp":1.65,"id":6324464},{"ltp":2.5,"id":5611697}]}]}
{"op":"mcm","clk":"7814391250","pt":1540629175834,"mc":[{"id":"1.150240958","rc":[{"ltp":1.72,"id":6324464},{"ltp":2.38,"id":5611697}]}]}
{"op":"mcm","clk":"7814399217","pt":1540629235556,"mc":[{"id":"1.150240958","rc":[{"ltp":1.75,"id":6324464}]}]}
{"op":"mcm","clk":"7814406445","pt":1540629295811,"mc":[{"id":"1.150240958","rc":[{"ltp":1.71,"id":6324464},{"ltp":2.26,"id":5611697}]}]}
{"op":"mcm","clk":"7814413478","pt":1540629355708,"mc":[{"id":"1.150240958","rc":[{"ltp":1.65,"id":6324464},{"ltp":2.56,"id":5611697}]}]}
{"op":"mcm","clk":"7814420689","pt":1540629415877,"mc":[{"id":"1.150240958","rc":[{"ltp":1.67,"id":6324464},{"ltp":2.54,"id":5611697}]}]}
{"op":"mcm","clk":"7814428666","pt":1540629475725,"mc":[{"id":"1.150240958","rc":[{"ltp":1.61,"id":6324464},{"ltp":2.62,"id":5611697}]}]}
{"op":"mcm","clk":"7814442799","pt":1540629595771,"mc":[{"id":"1.150240958","rc":[{"ltp":1.44,"id":6324464},{"ltp":3.2,"id":5611697}]}]}
{"op":"mcm","clk":"7814452685","pt":1540629655091,"mc":[{"id":"1.150240958","rc":[{"ltp":1.49,"id":6324464},{"ltp":3.0,"id":5611697}]}]}
{"op":"mcm","clk":"7814460716","pt":1540629715844,"mc":[{"id":"1.150240958","rc":[{"ltp":1.7,"id":6324464},{"ltp":2.4,"id":5611697}]}]}
{"op":"mcm","clk":"7814484828","pt":1540629774957,"mc":[{"id":"1.150240958","rc":[{"ltp":1.82,"id":6324464},{"ltp":2.18,"id":5611697}]}]}
{"op":"mcm","clk":"7814493006","pt":1540629835661,"mc":[{"id":"1.150240958","rc":[{"ltp":1.63,"id":6324464},{"ltp":2.52,"id":5611697}]}]}
{"op":"mcm","clk":"7814500438","pt":1540629895388,"mc":[{"id":"1.150240958","rc":[{"ltp":2.58,"id":5611697}]}]}
{"op":"mcm","clk":"7814509716","pt":1540629955837,"mc":[{"id":"1.150240958","rc":[{"ltp":1.61,"id":6324464},{"ltp":2.62,"id":5611697}]}]}
{"op":"mcm","clk":"7814518410","pt":1540630015569,"mc":[{"id":"1.150240958","rc":[{"ltp":1.6,"id":6324464},{"ltp":2.64,"id":5611697}]}]}
{"op":"mcm","clk":"7814526177","pt":1540630075392,"mc":[{"id":"1.150240958","rc":[{"ltp":1.57,"id":6324464},{"ltp":2.74,"id":5611697}]}]}
{"op":"mcm","clk":"7814534018","pt":1540630135636,"mc":[{"id":"1.150240958","rc":[{"ltp":1.56,"id":6324464},{"ltp":2.76,"id":5611697}]}]}
{"op":"mcm","clk":"7814541313","pt":1540630195250,"mc":[{"id":"1.150240958","rc":[{"ltp":1.68,"id":6324464},{"ltp":2.48,"id":5611697}]}]}
{"op":"mcm","clk":"7814548825","pt":1540630255620,"mc":[{"id":"1.150240958","rc":[{"ltp":1.73,"id":6324464},{"ltp":2.36,"id":5611697}]}]}
{"op":"mcm","clk":"7814556987","pt":1540630315723,"mc":[{"id":"1.150240958","rc":[{"ltp":1.42,"id":6324464},{"ltp":3.4,"id":5611697}]}]}
{"op":"mcm","clk":"7814565100","pt":1540630375722,"mc":[{"id":"1.150240958","rc":[{"ltp":1.7,"id":6324464},{"ltp":2.44,"id":5611697}]}]}
{"op":"mcm","clk":"7814573077","pt":1540630435574,"mc":[{"id":"1.150240958","rc":[{"ltp":1.85,"id":6324464},{"ltp":2.18,"id":5611697}]}]}
{"op":"mcm","clk":"7814580394","pt":1540630495661,"mc":[{"id":"1.150240958","rc":[{"ltp":1.88,"id":6324464},{"ltp":2.14,"id":5611697}]}]}
{"op":"mcm","clk":"7814587487","pt":1540630555867,"mc":[{"id":"1.150240958","rc":[{"ltp":1.74,"id":6324464},{"ltp":2.36,"id":5611697}]}]}
{"op":"mcm","clk":"7814594012","pt":1540630615640,"mc":[{"id":"1.150240958","rc":[{"ltp":1.62,"id":6324464},{"ltp":2.6,"id":5611697}]}]}
{"op":"mcm","clk":"7814616966","pt":1540630675727,"mc":[{"id":"1.150240958","rc":[{"ltp":1.63,"id":6324464},{"ltp":2.62,"id":5611697}]}]}
{"op":"mcm","clk":"7814623327","pt":1540630735555,"mc":[{"id":"1.150240958","rc":[{"ltp":1.49,"id":6324464},{"ltp":3.0,"id":5611697}]}]}
{"op":"mcm","clk":"7814630452","pt":1540630795796,"mc":[{"id":"1.150240958","rc":[{"ltp":1.35,"id":6324464},{"ltp":3.75,"id":5611697}]}]}
{"op":"mcm","clk":"7814637747","pt":1540630855751,"mc":[{"id":"1.150240958","rc":[{"ltp":1.26,"id":6324464},{"ltp":4.8,"id":5611697}]}]}
{"op":"mcm","clk":"7814645098","pt":1540630915825,"mc":[{"id":"1.150240958","rc":[{"ltp":1.27,"id":6324464}]}]}
{"op":"mcm","clk":"7814651549","pt":1540630975531,"mc":[{"id":"1.150240958","rc":[{"ltp":1.3,"id":6324464},{"ltp":4.3,"id":5611697}]}]}
{"op":"mcm","clk":"7814658711","pt":1540631035832,"mc":[{"id":"1.150240958","rc":[{"ltp":1.35,"id":6324464},{"ltp":3.85,"id":5611697}]}]}
{"op":"mcm","clk":"7814666196","pt":1540631095832,"mc":[{"id":"1.150240958","rc":[{"ltp":1.37,"id":6324464},{"ltp":3.75,"id":5611697}]}]}
{"op":"mcm","clk":"7814676198","pt":1540631155823,"mc":[{"id":"1.150240958","rc":[{"ltp":1.52,"id":6324464},{"ltp":2.94,"id":5611697}]}]}
{"op":"mcm","clk":"7814685281","pt":1540631215812,"mc":[{"id":"1.150240958","rc":[{"ltp":1.6,"id":6324464},{"ltp":2.66,"id":5611697}]}]}
{"op":"mcm","clk":"7814693741","pt":1540631275804,"mc":[{"id":"1.150240958","rc":[{"ltp":1.63,"id":6324464},{"ltp":2.6,"id":5611697}]}]}
{"op":"mcm","clk":"7814702017","pt":1540631335185,"mc":[{"id":"1.150240958","rc":[{"ltp":1.62,"id":6324464},{"ltp":2.62,"id":5611697}]}]}
{"op":"mcm","clk":"7814711412","pt":1540631395687,"mc":[{"id":"1.150240958","rc":[{"ltp":1.61,"id":6324464},{"ltp":2.66,"id":5611697}]}]}
{"op":"mcm","clk":"7814720984","pt":1540631455521,"mc":[{"id":"1.150240958","rc":[{"ltp":1.54,"id":6324464},{"ltp":2.82,"id":5611697}]}]}
{"op":"mcm","clk":"7814730641","pt":1540631515399,"mc":[{"id":"1.150240958","rc":[{"ltp":2.8,"id":5611697}]}]}
{"op":"mcm","clk":"7814757107","pt":1540631575836,"mc":[{"id":"1.150240958","rc":[{"ltp":1.6,"id":6324464},{"ltp":2.66,"id":5611697}]}]}
{"op":"mcm","clk":"7814766013","pt":1540631635859,"mc":[{"id":"1.150240958","rc":[{"ltp":1.7,"id":6324464},{"ltp":2.44,"id":5611697}]}]}
{"op":"mcm","clk":"7814775582","pt":1540631695633,"mc":[{"id":"1.150240958","rc":[{"ltp":1.75,"id":6324464},{"ltp":2.32,"id":5611697}]}]}
{"op":"mcm","clk":"7814786664","pt":1540631755759,"mc":[{"id":"1.150240958","rc":[{"ltp":1.64,"id":6324464},{"ltp":2.62,"id":5611697}]}]}
{"op":"mcm","clk":"7814795320","pt":1540631815871,"mc":[{"id":"1.150240958","rc":[{"ltp":1.58,"id":6324464},{"ltp":2.68,"id":5611697}]}]}
{"op":"mcm","clk":"7814802815","pt":1540631873194,"mc":[{"id":"1.150240958","rc":[{"ltp":2.72,"id":5611697}]}]}
{"op":"mcm","clk":"7814810960","pt":1540631935507,"mc":[{"id":"1.150240958","rc":[{"ltp":1.61,"id":6324464},{"ltp":2.58,"id":5611697}]}]}
{"op":"mcm","clk":"7814820514","pt":1540631995886,"mc":[{"id":"1.150240958","rc":[{"ltp":1.8,"id":6324464},{"ltp":2.28,"id":5611697}]}]}
{"op":"mcm","clk":"7814830671","pt":1540632055757,"mc":[{"id":"1.150240958","rc":[{"ltp":1.74,"id":6324464},{"ltp":2.36,"id":5611697}]}]}
{"op":"mcm","clk":"7814839935","pt":1540632115830,"mc":[{"id":"1.150240958","rc":[{"ltp":1.7,"id":6324464},{"ltp":2.42,"id":5611697}]}]}
{"op":"mcm","clk":"7814848720","pt":1540632175827,"mc":[{"id":"1.150240958","rc":[{"ltp":1.69,"id":6324464},{"ltp":2.46,"id":5611697}]}]}
{"op":"mcm","clk":"7814856983","pt":1540632235874,"mc":[{"id":"1.150240958","rc":[{"ltp":1.66,"id":6324464},{"ltp":2.52,"id":5611697}]}]}
{"op":"mcm","clk":"7814865287","pt":1540632295020,"mc":[{"id":"1.150240958","rc":[{"ltp":1.64,"id":6324464},{"ltp":2.56,"id":5611697}]}]}
{"op":"mcm","clk":"7814874633","pt":1540632355835,"mc":[{"id":"1.150240958","rc":[{"ltp":1.63,"id":6324464},{"ltp":2.6,"id":5611697}]}]}
{"op":"mcm","clk":"7814883293","pt":1540632415674,"mc":[{"id":"1.150240958","rc":[{"ltp":1.6,"id":6324464},{"ltp":2.64,"id":5611697}]}]}
{"op":"mcm","clk":"7814908553","pt":1540632475686,"mc":[{"id":"1.150240958","rc":[{"ltp":1.84,"id":6324464},{"ltp":2.2,"id":5611697}]}]}
{"op":"mcm","clk":"7814917461","pt":1540632535826,"mc":[{"id":"1.150240958","rc":[{"ltp":1.76,"id":6324464},{"ltp":2.36,"id":5611697}]}]}
{"op":"mcm","clk":"7814925950","pt":1540632595372,"mc":[{"id":"1.150240958","rc":[{"ltp":1.87,"id":6324464},{"ltp":2.14,"id":5611697}]}]}
{"op":"mcm","clk":"7814935806","pt":1540632655862,"mc":[{"id":"1.150240958","rc":[{"ltp":1.89,"id":6324464},{"ltp":2.12,"id":5611697}]}]}
{"op":"mcm","clk":"7814945107","pt":1540632715550,"mc":[{"id":"1.150240958","rc":[{"ltp":1.84,"id":6324464},{"ltp":2.16,"id":5611697}]}]}
{"op":"mcm","clk":"7814954541","pt":1540632775746,"mc":[{"id":"1.150240958","rc":[{"ltp":1.76,"id":6324464},{"ltp":2.3,"id":5611697}]}]}
{"op":"mcm","clk":"7814964282","pt":1540632835454,"mc":[{"id":"1.150240958","rc":[{"ltp":1.75,"id":6324464}]}]}
{"op":"mcm","clk":"7814973218","pt":1540632895221,"mc":[{"id":"1.150240958","rc":[{"ltp":1.85,"id":6324464},{"ltp":2.16,"id":5611697}]}]}
{"op":"mcm","clk":"7814982097","pt":1540632955804,"mc":[{"id":"1.150240958","rc":[{"ltp":2.06,"id":6324464},{"ltp":1.95,"id":5611697}]}]}
{"op":"mcm","clk":"7814990685","pt":1540633015818,"mc":[{"id":"1.150240958","rc":[{"ltp":1.92,"id":6324464},{"ltp":2.08,"id":5611697}]}]}
{"op":"mcm","clk":"7814999321","pt":1540633075780,"mc":[{"id":"1.150240958","rc":[{"ltp":1.5,"id":6324464},{"ltp":3.0,"id":5611697}]}]}
{"op":"mcm","clk":"7815008169","pt":1540633135785,"mc":[{"id":"1.150240958","rc":[{"ltp":1.32,"id":6324464},{"ltp":4.1,"id":5611697}]}]}
{"op":"mcm","clk":"7815016596","pt":1540633195890,"mc":[{"id":"1.150240958","rc":[{"ltp":1.23,"id":6324464},{"ltp":5.4,"id":5611697}]}]}
{"op":"mcm","clk":"7815025840","pt":1540633255809,"mc":[{"id":"1.150240958","rc":[{"ltp":5.3,"id":5611697}]}]}
{"op":"mcm","clk":"7815034707","pt":1540633315812,"mc":[{"id":"1.150240958","rc":[{"ltp":1.19,"id":6324464},{"ltp":6.4,"id":5611697}]}]}
{"op":"mcm","clk":"7815060931","pt":1540633375839,"mc":[{"id":"1.150240958","rc":[{"ltp":1.2,"id":6324464},{"ltp":5.9,"id":5611697}]}]}
{"op":"mcm","clk":"7815069537","pt":1540633435403,"mc":[{"id":"1.150240958","rc":[{"ltp":1.21,"id":6324464},{"ltp":5.7,"id":5611697}]}]}
{"op":"mcm","clk":"7815077910","pt":1540633495737,"mc":[{"id":"1.150240958","rc":[{"ltp":1.2,"id":6324464},{"ltp":6.0,"id":5611697}]}]}
{"op":"mcm","clk":"7815086572","pt":1540633555862,"mc":[{"id":"1.150240958","rc":[{"ltp":1.32,"id":6324464},{"ltp":4.2,"id":5611697}]}]}
{"op":"mcm","clk":"7815095333","pt":1540633615861,"mc":[{"id":"1.150240958","rc":[{"ltp":1.27,"id":6324464},{"ltp":3.85,"id":5611697}]}]}
{"op":"mcm","clk":"7815104294","pt":1540633675852,"mc":[{"id":"1.150240958","rc":[{"ltp":1.31,"id":6324464},{"ltp":4.8,"id":5611697}]}]}
{"op":"mcm","clk":"7815112748","pt":1540633735839,"mc":[{"id":"1.150240958","rc":[{"ltp":1.23,"id":6324464},{"ltp":5.1,"id":5611697}]}]}
{"op":"mcm","clk":"7815121166","pt":1540633795014,"mc":[{"id":"1.150240958","rc":[{"ltp":1.36,"id":6324464},{"ltp":3.8,"id":5611697}]}]}
{"op":"mcm","clk":"7815129589","pt":1540633855709,"mc":[{"id":"1.150240958","rc":[{"ltp":1.56,"id":6324464},{"ltp":2.8,"id":5611697}]}]}
{"op":"mcm","clk":"7815137776","pt":1540633915605,"mc":[{"id":"1.150240958","rc":[{"ltp":1.71,"id":6324464},{"ltp":2.4,"id":5611697}]}]}
{"op":"mcm","clk":"7815145713","pt":1540633975610,"mc":[{"id":"1.150240958","rc":[{"ltp":1.52,"id":6324464},{"ltp":2.94,"id":5611697}]}]}
{"op":"mcm","clk":"7815152963","pt":1540634035575,"mc":[{"id":"1.150240958","rc":[{"ltp":1.62,"id":6324464},{"ltp":2.6,"id":5611697}]}]}
{"op":"mcm","clk":"7815160739","pt":1540634095365,"mc":[{"id":"1.150240958","rc":[{"ltp":1.3,"id":6324464},{"ltp":3.75,"id":5611697}]}]}
{"op":"mcm","clk":"7815170040","pt":1540634155558,"mc":[{"id":"1.150240958","rc":[{"ltp":1.78,"id":6324464},{"ltp":2.04,"id":5611697}]}]}
{"op":"mcm","clk":"7815178507","pt":1540634215837,"mc":[{"id":"1.150240958","rc":[{"ltp":2.06,"id":6324464},{"ltp":1.95,"id":5611697}]}]}
{"op":"mcm","clk":"7815219550","pt":1540634395641,"mc":[{"id":"1.150240958","rc":[{"ltp":1.99,"id":6324464},{"ltp":1.96,"id":5611697}]}]}
{"op":"mcm","clk":"7815228498","pt":1540634454903,"mc":[{"id":"1.150240958","rc":[{"ltp":1.95,"id":6324464},{"ltp":2.04,"id":5611697}]}]}
{"op":"mcm","clk":"7815238614","pt":1540634515809,"mc":[{"id":"1.150240958","rc":[{"ltp":1.49,"id":6324464},{"ltp":3.0,"id":5611697}]}]}
{"op":"mcm","clk":"7815248653","pt":1540634575450,"mc":[{"id":"1.150240958","rc":[{"ltp":1.52,"id":6324464},{"ltp":2.94,"id":5611697}]}]}
{"op":"mcm","clk":"7815258084","pt":1540634635726,"mc":[{"id":"1.150240958","rc":[{"ltp":2.9,"id":5611697}]}]}
{"op":"mcm","clk":"7815268089","pt":1540634695596,"mc":[{"id":"1.150240958","rc":[{"ltp":1.45,"id":6324464},{"ltp":3.3,"id":5611697}]}]}
{"op":"mcm","clk":"7815279552","pt":1540634755872,"mc":[{"id":"1.150240958","rc":[{"ltp":1.43,"id":6324464},{"ltp":3.25,"id":5611697}]}]}
{"op":"mcm","clk":"7815290813","pt":1540634815795,"mc":[{"id":"1.150240958","rc":[{"ltp":2.64,"id":5611697}]}]}
{"op":"mcm","clk":"7815302674","pt":1540634875617,"mc":[{"id":"1.150240958","rc":[{"ltp":1.44,"id":6324464},{"ltp":3.3,"id":5611697}]}]}
{"op":"mcm","clk":"7815313721","pt":1540634935747,"mc":[{"id":"1.150240958","rc":[{"ltp":1.58,"id":6324464},{"ltp":2.72,"id":5611697}]}]}
{"op":"mcm","clk":"7815325388","pt":1540634995611,"mc":[{"id":"1.150240958","rc":[{"ltp":2.74,"id":5611697}]}]}
{"op":"mcm","clk":"7815340873","pt":1540635055738,"mc":[{"id":"1.150240958","rc":[{"ltp":1.79,"id":6324464},{"ltp":2.24,"id":5611697}]}]}
{"op":"mcm","clk":"7815352595","pt":1540635115875,"mc":[{"id":"1.150240958","rc":[{"ltp":1.45,"id":6324464},{"ltp":3.2,"id":5611697}]}]}
{"op":"mcm","clk":"7815380336","pt":1540635175684,"mc":[{"id":"1.150240958","rc":[{"ltp":1.79,"id":6324464},{"ltp":2.28,"id":5611697}]}]}
{"op":"mcm","clk":"7815391774","pt":1540635235829,"mc":[{"id":"1.150240958","rc":[{"ltp":1.59,"id":6324464},{"ltp":2.68,"id":5611697}]}]}
{"op":"mcm","clk":"7815403308","pt":1540635295707,"mc":[{"id":"1.150240958","rc":[{"ltp":1.61,"id":6324464}]}]}
{"op":"mcm","clk":"7815414905","pt":1540635354959,"mc":[{"id":"1.150240958","rc":[{"ltp":1.81,"id":6324464},{"ltp":2.24,"id":5611697}]}]}
{"op":"mcm","clk":"7815425886","pt":1540635415756,"mc":[{"id":"1.150240958","rc":[{"ltp":2.08,"id":6324464},{"ltp":1.92,"id":5611697}]}]}
{"op":"mcm","clk":"7815436536","pt":1540635475696,"mc":[{"id":"1.150240958","rc":[{"ltp":2.58,"id":6324464},{"ltp":1.64,"id":5611697}]}]}
{"op":"mcm","clk":"7815448298","pt":1540635535838,"mc":[{"id":"1.150240958","rc":[{"ltp":1.8,"id":6324464},{"ltp":2.26,"id":5611697}]}]}
{"op":"mcm","clk":"7815460527","pt":1540635595442,"mc":[{"id":"1.150240958","rc":[{"ltp":2.06,"id":6324464},{"ltp":1.93,"id":5611697}]}]}
{"op":"mcm","clk":"7815472666","pt":1540635655876,"mc":[{"id":"1.150240958","rc":[{"ltp":1.54,"id":6324464},{"ltp":2.94,"id":5611697}]}]}
{"op":"mcm","clk":"7815484031","pt":1540635715498,"mc":[{"id":"1.150240958","rc":[{"ltp":1.53,"id":6324464},{"ltp":2.9,"id":5611697}]}]}
{"op":"mcm","clk":"7815494576","pt":1540635775766,"mc":[{"id":"1.150240958","rc":[{"ltp":1.52,"id":6324464}]}]}
{"op":"mcm","clk":"7815505552","pt":1540635835816,"mc":[{"id":"1.150240958","rc":[{"ltp":1.43,"id":6324464},{"ltp":3.3,"id":5611697}]}]}
{"op":"mcm","clk":"7815517140","pt":1540635895877,"mc":[{"id":"1.150240958","rc":[{"ltp":1.39,"id":6324464},{"ltp":2.8,"id":5611697}]}]}
{"op":"mcm","clk":"7815528610","pt":1540635955618,"mc":[{"id":"1.150240958","rc":[{"ltp":1.3,"id":6324464},{"ltp":4.3,"id":5611697}]}]}
{"op":"mcm","clk":"7815539803","pt":1540636015878,"mc":[{"id":"1.150240958","rc":[{"ltp":1.47,"id":6324464},{"ltp":3.15,"id":5611697}]}]}
{"op":"mcm","clk":"7815566974","pt":1540636073855,"mc":[{"id":"1.150240958","rc":[{"ltp":1.5,"id":6324464},{"ltp":3.0,"id":5611697}]}]}
{"op":"mcm","clk":"7815578390","pt":1540636135780,"mc":[{"id":"1.150240958","rc":[{"ltp":2.96,"id":5611697}]}]}
{"op":"mcm","clk":"7815589061","pt":1540636195820,"mc":[{"id":"1.150240958","rc":[{"ltp":1.33,"id":6324464},{"ltp":4.1,"id":5611697}]}]}
{"op":"mcm","clk":"7815600213","pt":1540636255821,"mc":[{"id":"1.150240958","rc":[{"ltp":1.24,"id":6324464},{"ltp":5.1,"id":5611697}]}]}
{"op":"mcm","clk":"7815611377","pt":1540636315461,"mc":[{"id":"1.150240958","rc":[{"ltp":1.31,"id":6324464},{"ltp":4.1,"id":5611697}]}]}
{"op":"mcm","clk":"7815622750","pt":1540636375877,"mc":[{"id":"1.150240958","rc":[{"ltp":1.4,"id":6324464},{"ltp":3.55,"id":5611697}]}]}
{"op":"mcm","clk":"7815633451","pt":1540636435291,"mc":[{"id":"1.150240958","rc":[{"ltp":3.5,"id":5611697}]}]}
{"op":"mcm","clk":"7815645189","pt":1540636495702,"mc":[{"id":"1.150240958","rc":[{"ltp":1.56,"id":6324464},{"ltp":2.8,"id":5611697}]}]}
{"op":"mcm","clk":"7815657750","pt":1540636555863,"mc":[{"id":"1.150240958","rc":[{"ltp":1.3,"id":6324464},{"ltp":4.3,"id":5611697}]}]}
{"op":"mcm","clk":"7815668568","pt":1540636615163,"mc":[{"id":"1.150240958","rc":[{"ltp":1.28,"id":6324464},{"ltp":4.5,"id":5611697}]}]}
{"op":"mcm","clk":"7815680702","pt":1540636675721,"mc":[{"id":"1.150240958","rc":[{"ltp":1.17,"id":6324464},{"ltp":6.8,"id":5611697}]}]}
{"op":"mcm","clk":"7815692694","pt":1540636735812,"mc":[{"id":"1.150240958","rc":[{"ltp":1.24,"id":6324464},{"ltp":4.8,"id":5611697}]}]}
{"op":"mcm","clk":"7815704526","pt":1540636795484,"mc":[{"id":"1.150240958","rc":[{"ltp":1.21,"id":6324464},{"ltp":5.9,"id":5611697}]}]}
{"op":"mcm","clk":"7815715792","pt":1540636855855,"mc":[{"id":"1.150240958","rc":[{"ltp":1.22,"id":6324464},{"ltp":5.6,"id":5611697}]}]}
{"op":"mcm","clk":"7815727865","pt":1540636915448,"mc":[{"id":"1.150240958","rc":[{"ltp":1.28,"id":6324464},{"ltp":4.7,"id":5611697}]}]}
{"op":"mcm","clk":"7815757290","pt":1540636975041,"mc":[{"id":"1.150240958","rc":[{"ltp":1.27,"id":6324464},{"ltp":4.6,"id":5611697}]}]}
{"op":"mcm","clk":"7815769315","pt":1540637035885,"mc":[{"id":"1.150240958","rc":[{"ltp":1.17,"id":6324464},{"ltp":6.8,"id":5611697}]}]}
{"op":"mcm","clk":"7815779803","pt":1540637094784,"mc":[{"id":"1.150240958","rc":[{"ltp":1.56,"id":6324464},{"ltp":2.78,"id":5611697}]}]}
{"op":"mcm","clk":"7815790641","pt":1540637155684,"mc":[{"id":"1.150240958","rc":[{"ltp":1.31,"id":6324464},{"ltp":4.2,"id":5611697}]}]}
{"op":"mcm","clk":"7815801045","pt":1540637215846,"mc":[{"id":"1.150240958","rc":[{"ltp":4.3,"id":5611697}]}]}
{"op":"mcm","clk":"7815811580","pt":1540637275832,"mc":[{"id":"1.150240958","rc":[{"ltp":1.64,"id":6324464},{"ltp":2.56,"id":5611697}]}]}
{"op":"mcm","clk":"7815821938","pt":1540637335702,"mc":[{"id":"1.150240958","rc":[{"ltp":1.32,"id":6324464},{"ltp":4.1,"id":5611697}]}]}
{"op":"mcm","clk":"7815831381","pt":1540637395765,"mc":[{"id":"1.150240958","marketDefinition":{"bspMarket":false,"turnInPlayEnabled":true,"persistenceEnabled":true,"marketBaseRate":5.0,"eventId":"28977245","eventTypeId":"2","numberOfWinners":1,"bettingType":"ODDS","marketType":"MATCH_ODDS","marketTime":"2018-10-27T07:45:00.000Z","suspendTime":"2018-10-27T07:45:00.000Z","bspReconciled":false,"complete":true,"inPlay":true,"crossMatching":true,"runnersVoidable":false,"numberOfActiveRunners":2,"betDelay":5,"status":"SUSPENDED","runners":[{"status":"ACTIVE","sortPriority":1,"id":5611697,"name":"Kiki Bertens"},{"status":"ACTIVE","sortPriority":2,"id":6324464,"name":"Elina Svitolina"}],"regulators":["MR_INT"],"countryCode":"SG","discountAllowed":true,"timezone":"UTC","openDate":"2018-10-27T07:45:00.000Z","version":2478019782,"name":"Match Odds","eventName":"18726268"},"rc":[{"ltp":1.14,"id":6324464},{"ltp":8.6,"id":5611697}]}]}
{"op":"mcm","clk":"7815847800","pt":1540637499169,"mc":[{"id":"1.150240958","marketDefinition":{"bspMarket":false,"turnInPlayEnabled":true,"persistenceEnabled":true,"marketBaseRate":5.0,"eventId":"28977245","eventTypeId":"2","numberOfWinners":1,"bettingType":"ODDS","marketType":"MATCH_ODDS","marketTime":"2018-10-27T07:45:00.000Z","suspendTime":"2018-10-27T07:45:00.000Z","bspReconciled":false,"complete":true,"inPlay":true,"crossMatching":false,"runnersVoidable":false,"numberOfActiveRunners":0,"betDelay":5,"status":"CLOSED","settledTime":"2018-10-27T10:50:31.000Z","runners":[{"status":"LOSER","sortPriority":1,"id":5611697,"name":"Kiki Bertens"},{"status":"WINNER","sortPriority":2,"id":6324464,"name":"Elina Svitolina"}],"regulators":["MR_INT"],"countryCode":"SG","discountAllowed":true,"timezone":"UTC","openDate":"2018-10-27T07:45:00.000Z","version":2478022167,"name":"Match Odds","eventName":"18726268"}}]}
