{"op":"mcm","clk":"7816858768","pt":1540501139977,"mc":[{"id":"1.150209371","marketDefinition":{"bspMarket":false,"turnInPlayEnabled":true,"persistenceEnabled":true,"marketBaseRate":5.0,"eventId":"28976205","eventTypeId":"2","numberOfWinners":1,"bettingType":"ODDS","marketType":"MATCH_ODDS","marketTime":"2018-10-26T17:00:00.000Z","suspendTime":"2018-10-26T17:00:00.000Z","bspReconciled":false,"complete":true,"inPlay":false,"crossMatching":true,"runnersVoidable":false,"numberOfActiveRunners":2,"betDelay":0,"status":"OPEN","runners":[{"status":"ACTIVE","sortPriority":1,"id":2251402,"name":"Roger Federer"},{"status":"ACTIVE","sortPriority":2,"id":2249345,"name":"Gilles Simon"}],"regulators":["MR_INT"],"countryCode":"CH","discountAllowed":true,"timezone":"UTC","openDate":"2018-10-26T17:00:00.000Z","version":2475558477,"name":"Match Odds","eventName":"Federer v G Simon"}}]}
{"op":"mcm","clk":"7817134232","pt":1540505424165,"mc":[{"id":"1.150209371","rc":[{"ltp":1.21,"id":2251402}]}]}
{"op":"mcm","clk":"7817203077","pt":1540506420738,"mc":[{"id":"1.150209371","rc":[{"ltp":5.3,"id":2249345},{"ltp":1.23,"id":2251402}]}]}
{"op":"mcm","clk":"7817390412","pt":1540509080455,"mc":[{"id":"1.150209371","rc":[{"ltp":1.2,"id":2251402}]}]}
{"op":"mcm","clk":"7817667675","pt":1540513190658,"mc":[{"id":"1.150209371","rc":[{"ltp":1.21,"id":2251402}]}]}
{"op":"mcm","clk":"7817724842","pt":1540514141942,"mc":[{"id":"1.150209371","rc":[{"ltp":5.7,"id":2249345}]}]}
{"op":"mcm","clk":"7818033287","pt":1540518495867,"mc":[{"id":"1.150209371","rc":[{"ltp":5.5,"id":2249345},{"ltp":1.22,"id":2251402}]}]}
{"op":"mcm","clk":"7818109676","pt":1540519941996,"mc":[{"id":"1.150209371","rc":[{"ltp":1.2,"id":2251402}]}]}
{"op":"mcm","clk":"7818200695","pt":1540521292460,"mc":[{"id":"1.150209371","rc":[{"ltp":5.8,"id":2249345},{"ltp":1.21,"id":2251402}]}]}
{"op":"mcm","clk":"7818253941","pt":1540522338938,"mc":[{"id":"1.150209371","rc":[{"ltp":1.2,"id":2251402}]}]}
{"op":"mcm","clk":"7818386581","pt":1540525371684,"mc":[{"id":"1.150209371","rc":[{"ltp":1.21,"id":2251402}]}]}
{"op":"mcm","clk":"7818675929","pt":1540530708243,"mc":[{"id":"1.150209371","rc":[{"ltp":1.2,"id":2251402}]}]}
{"op":"mcm","clk":"7818773358","pt":1540532384801,"mc":[{"id":"1.150209371","rc":[{"ltp":5.9,"id":2249345},{"ltp":1.21,"id":2251402}]}]}
{"op":"mcm","clk":"7818813141","pt":1540532921205,"mc":[{"id":"1.150209371","rc":[{"ltp":1.2,"id":2251402}]}]}
{"op":"mcm","clk":"7818996233","pt":1540536305658,"mc":[{"id":"1.150209371","rc":[{"ltp":5.7,"id":2249345}]}]}
{"op":"mcm","clk":"7819019354","pt":1540536516556,"mc":[{"id":"1.150209371","rc":[{"ltp":5.9,"id":2249345}]}]}
{"op":"mcm","clk":"7819045313","pt":1540537202620,"mc":[{"id":"1.150209371","rc":[{"ltp":1.19,"id":2251402}]}]}
{"op":"mcm","clk":"7819072236","pt":1540537426865,"mc":[{"id":"1.150209371","rc":[{"ltp":1.2,"id":2251402}]}]}
{"op":"mcm","clk":"7819075101","pt":1540537490618,"mc":[{"id":"1.150209371","rc":[{"ltp":6.0,"id":2249345},{"ltp":1.19,"id":2251402}]}]}
{"op":"mcm","clk":"7819209124","pt":1540539793480,"mc":[{"id":"1.150209371","rc":[{"ltp":1.2,"id":2251402}]}]}
{"op":"mcm","clk":"7819234984","pt":1540540066088,"mc":[{"id":"1.150209371","rc":[{"ltp":6.2,"id":2249345}]}]}
{"op":"mcm","clk":"7819243201","pt":1540540295842,"mc":[{"id":"1.150209371","rc":[{"ltp":1.19,"id":2251402}]}]}
{"op":"mcm","clk":"7819262107","pt":1540540741929,"mc":[{"id":"1.150209371","rc":[{"ltp":1.2,"id":2251402}]}]}
{"op":"mcm","clk":"7819306363","pt":1540541211488,"mc":[{"id":"1.150209371","rc":[{"ltp":5.9,"id":2249345}]}]}
{"op":"mcm","clk":"7819309872","pt":1540541270359,"mc":[{"id":"1.150209371","rc":[{"ltp":1.19,"id":2251402}]}]}
{"op":"mcm","clk":"7819361686","pt":1540541919515,"mc":[{"id":"1.150209371","rc":[{"ltp":6.0,"id":2249345},{"ltp":1.2,"id":2251402}]}]}
{"op":"mcm","clk":"7819380049","pt":1540542320772,"mc":[{"id":"1.150209371","rc":[{"ltp":1.19,"id":2251402}]}]}
{"op":"mcm","clk":"7819434278","pt":1540543059127,"mc":[{"id":"1.150209371","rc":[{"ltp":1.2,"id":2251402}]}]}
{"op":"mcm","clk":"7819451120","pt":1540543360600,"mc":[{"id":"1.150209371","rc":[{"ltp":1.19,"id":2251402}]}]}
{"op":"mcm","clk":"7819493696","pt":1540543896402,"mc":[{"id":"1.150209371","rc":[{"ltp":1.2,"id":2251402}]}]}
{"op":"mcm","clk":"7819502840","pt":1540544080649,"mc":[{"id":"1.150209371","rc":[{"ltp":1.19,"id":2251402}]}]}
{"op":"mcm","clk":"7819525012","pt":1540544518166,"mc":[{"id":"1.150209371","rc":[{"ltp":1.2,"id":2251402}]}]}
{"op":"mcm","clk":"7819553069","pt":1540544738561,"mc":[{"id":"1.150209371","rc":[{"ltp":1.19,"id":2251402}]}]}
{"op":"mcm","clk":"7819584614","pt":1540545289559,"mc":[{"id":"1.150209371","rc":[{"ltp":1.2,"id":2251402}]}]}
{"op":"mcm","clk":"7819591492","pt":1540545405166,"mc":[{"id":"1.150209371","rc":[{"ltp":1.19,"id":2251402}]}]}
{"op":"mcm","clk":"7819626683","pt":1540545732138,"mc":[{"id":"1.150209371","rc":[{"ltp":6.2,"id":2249345}]}]}
{"op":"mcm","clk":"7819642161","pt":1540545987527,"mc":[{"id":"1.150209371","rc":[{"ltp":6.0,"id":2249345},{"ltp":1.2,"id":2251402}]}]}
{"op":"mcm","clk":"7819678561","pt":1540546357511,"mc":[{"id":"1.150209371","rc":[{"ltp":1.19,"id":2251402}]}]}
{"op":"mcm","clk":"7819687662","pt":1540546528710,"mc":[{"id":"1.150209371","rc":[{"ltp":1.2,"id":2251402}]}]}
{"op":"mcm","clk":"7819709523","pt":1540546901193,"mc":[{"id":"1.150209371","rc":[{"ltp":1.19,"id":2251402}]}]}
{"op":"mcm","clk":"7819762093","pt":1540547608693,"mc":[{"id":"1.150209371","rc":[{"ltp":6.2,"id":2249345}]}]}
{"op":"mcm","clk":"7819773522","pt":1540547821250,"mc":[{"id":"1.150209371","rc":[{"ltp":1.2,"id":2251402}]}]}
{"op":"mcm","clk":"7819781248","pt":1540547968654,"mc":[{"id":"1.150209371","rc":[{"ltp":1.19,"id":2251402}]}]}
{"op":"mcm","clk":"7819976745","pt":1540550449633,"mc":[{"id":"1.150209371","rc":[{"ltp":6.4,"id":2249345}]}]}
{"op":"mcm","clk":"7819979331","pt":1540550492609,"mc":[{"id":"1.150209371","rc":[{"ltp":6.2,"id":2249345}]}]}
{"op":"mcm","clk":"7819983383","pt":1540550560443,"mc":[{"id":"1.150209371","rc":[{"ltp":1.2,"id":2251402}]}]}
{"op":"mcm","clk":"7819992207","pt":1540550718815,"mc":[{"id":"1.150209371","rc":[{"ltp":1.19,"id":2251402}]}]}
{"op":"mcm","clk":"7820042791","pt":1540551377993,"mc":[{"id":"1.150209371","rc":[{"ltp":1.2,"id":2251402}]}]}
{"op":"mcm","clk":"7820061135","pt":1540551667799,"mc":[{"id":"1.150209371","rc":[{"ltp":1.19,"id":2251402}]}]}
{"op":"mcm","clk":"7820084065","pt":1540551767633,"mc":[{"id":"1.150209371","rc":[{"ltp":1.2,"id":2251402}]}]}
{"op":"mcm","clk":"7820136720","pt":1540552550978,"mc":[{"id":"1.150209371","rc":[{"ltp":1.19,"id":2251402}]}]}
{"op":"mcm","clk":"7820139650","pt":1540552602158,"mc":[{"id":"1.150209371","rc":[{"ltp":1.2,"id":2251402}]}]}
{"op":"mcm","clk":"7820168883","pt":1540552819271,"mc":[{"id":"1.150209371","rc":[{"ltp":1.19,"id":2251402}]}]}
{"op":"mcm","clk":"7820177431","pt":1540552951483,"mc":[{"id":"1.150209371","rc":[{"ltp":1.2,"id":2251402}]}]}
{"op":"mcm","clk":"7820185172","pt":1540553073018,"mc":[{"id":"1.150209371","rc":[{"ltp":1.19,"id":2251402}]}]}
{"op":"mcm","clk":"7820197527","pt":1540553255679,"mc":[{"id":"1.150209371","rc":[{"ltp":1.2,"id":2251402}]}]}
{"op":"mcm","clk":"7820210326","pt":1540553451288,"mc":[{"id":"1.150209371","rc":[{"ltp":1.19,"id":2251402}]}]}
{"op":"mcm","clk":"7820240882","pt":1540553668766,"mc":[{"id":"1.150209371","rc":[{"ltp":1.2,"id":2251402}]}]}
{"op":"mcm","clk":"7820243581","pt":1540553710349,"mc":[{"id":"1.150209371","rc":[{"ltp":1.19,"id":2251402}]}]}
{"op":"mcm","clk":"7820326419","pt":1540554618160,"mc":[{"id":"1.150209371","rc":[{"ltp":1.2,"id":2251402}]}]}
{"op":"mcm","clk":"7820334808","pt":1540554740985,"mc":[{"id":"1.150209371","rc":[{"ltp":1.19,"id":2251402}]}]}
{"op":"mcm","clk":"7820347620","pt":1540554930280,"mc":[{"id":"1.150209371","rc":[{"ltp":1.2,"id":2251402}]}]}
{"op":"mcm","clk":"7820402651","pt":1540555429753,"mc":[{"id":"1.150209371","rc":[{"ltp":1.19,"id":2251402}]}]}
{"op":"mcm","clk":"7820407938","pt":1540555488286,"mc":[{"id":"1.150209371","rc":[{"ltp":1.2,"id":2251402}]}]}
{"op":"mcm","clk":"7820438274","pt":1540555816847,"mc":[{"id":"1.150209371","rc":[{"ltp":6.0,"id":2249345}]}]}
{"op":"mcm","clk":"7820501408","pt":1540556280367,"mc":[{"id":"1.150209371","rc":[{"ltp":6.2,"id":2249345}]}]}
{"op":"mcm","clk":"7820514648","pt":1540556417494,"mc":[{"id":"1.150209371","rc":[{"ltp":1.19,"id":2251402}]}]}
{"op":"mcm","clk":"7820531979","pt":1540556601833,"mc":[{"id":"1.150209371","rc":[{"ltp":1.2,"id":2251402}]}]}
{"op":"mcm","clk":"7820585207","pt":1540557108047,"mc":[{"id":"1.150209371","rc":[{"ltp":1.19,"id":2251402}]}]}
{"op":"mcm","clk":"7820645746","pt":1540557606305,"mc":[{"id":"1.150209371","rc":[{"ltp":1.2,"id":2251402}]}]}
{"op":"mcm","clk":"7820653751","pt":1540557691026,"mc":[{"id":"1.150209371","rc":[{"ltp":6.4,"id":2249345}]}]}
{"op":"mcm","clk":"7820672182","pt":1540557884449,"mc":[{"id":"1.150209371","rc":[{"ltp":1.19,"id":2251402}]}]}
{"op":"mcm","clk":"7820681122","pt":1540557960063,"mc":[{"id":"1.150209371","rc":[{"ltp":1.2,"id":2251402}]}]}
{"op":"mcm","clk":"7820687141","pt":1540558015852,"mc":[{"id":"1.150209371","rc":[{"ltp":1.19,"id":2251402}]}]}
{"op":"mcm","clk":"7820722746","pt":1540558224074,"mc":[{"id":"1.150209371","rc":[{"ltp":1.2,"id":2251402}]}]}
{"op":"mcm","clk":"7820757572","pt":1540558608792,"mc":[{"id":"1.150209371","rc":[{"ltp":6.0,"id":2249345}]}]}
{"op":"mcm","clk":"7820761806","pt":1540558669649,"mc":[{"id":"1.150209371","rc":[{"ltp":1.19,"id":2251402}]}]}
{"op":"mcm","clk":"7820768168","pt":1540558758658,"mc":[{"id":"1.150209371","rc":[{"ltp":1.2,"id":2251402}]}]}
{"op":"mcm","clk":"7820821866","pt":1540559185762,"mc":[{"id":"1.150209371","rc":[{"ltp":1.19,"id":2251402}]}]}
{"op":"mcm","clk":"7820849826","pt":1540559495295,"mc":[{"id":"1.150209371","rc":[{"ltp":6.4,"id":2249345}]}]}
{"op":"mcm","clk":"7820926187","pt":1540560155309,"mc":[{"id":"1.150209371","rc":[{"ltp":1.2,"id":2251402}]}]}
{"op":"mcm","clk":"7820995217","pt":1540560766284,"mc":[{"id":"1.150209371","rc":[{"ltp":1.19,"id":2251402}]}]}
{"op":"mcm","clk":"7820999636","pt":1540560819770,"mc":[{"id":"1.150209371","rc":[{"ltp":1.2,"id":2251402}]}]}
{"op":"mcm","clk":"7821037158","pt":1540561246394,"mc":[{"id":"1.150209371","rc":[{"ltp":1.19,"id":2251402}]}]}
{"op":"mcm","clk":"7821191762","pt":1540562679297,"mc":[{"id":"1.150209371","rc":[{"ltp":1.2,"id":2251402}]}]}
{"op":"mcm","clk":"7821197919","pt":1540562729213,"mc":[{"id":"1.150209371","rc":[{"ltp":1.19,"id":2251402}]}]}
{"op":"mcm","clk":"7821283904","pt":1540563394811,"mc":[{"id":"1.150209371","rc":[{"ltp":1.2,"id":2251402}]}]}
{"op":"mcm","clk":"7821322687","pt":1540563569875,"mc":[{"id":"1.150209371","rc":[{"ltp":6.2,"id":2249345}]}]}
{"op":"mcm","clk":"7821337868","pt":1540563695139,"mc":[{"id":"1.150209371","rc":[{"ltp":6.0,"id":2249345}]}]}
{"op":"mcm","clk":"7821392658","pt":1540564167501,"mc":[{"id":"1.150209371","rc":[{"ltp":6.2,"id":2249345}]}]}
{"op":"mcm","clk":"7821427548","pt":1540564359520,"mc":[{"id":"1.150209371","rc":[{"ltp":6.0,"id":2249345}]}]}
{"op":"mcm","clk":"7821435639","pt":1540564431994,"mc":[{"id":"1.150209371","rc":[{"ltp":1.19,"id":2251402}]}]}
{"op":"mcm","clk":"7821498913","pt":1540565016028,"mc":[{"id":"1.150209371","rc":[{"ltp":1.2,"id":2251402}]}]}
{"op":"mcm","clk":"7821511855","pt":1540565125029,"mc":[{"id":"1.150209371","rc":[{"ltp":1.19,"id":2251402}]}]}
{"op":"mcm","clk":"7821549200","pt":1540565319484,"mc":[{"id":"1.150209371","rc":[{"ltp":6.2,"id":2249345}]}]}
{"op":"mcm","clk":"7821572467","pt":1540565563806,"mc":[{"id":"1.150209371","rc":[{"ltp":6.0,"id":2249345}]}]}
{"op":"mcm","clk":"7821585109","pt":1540565687917,"mc":[{"id":"1.150209371","rc":[{"ltp":1.2,"id":2251402}]}]}
{"op":"mcm","clk":"7821590238","pt":1540565734823,"mc":[{"id":"1.150209371","rc":[{"ltp":1.19,"id":2251402}]}]}
{"op":"mcm","clk":"7821615067","pt":1540565987914,"mc":[{"id":"1.150209371","rc":[{"ltp":1.2,"id":2251402}]}]}
{"op":"mcm","clk":"7821649839","pt":1540566166677,"mc":[{"id":"1.150209371","rc":[{"ltp":6.2,"id":2249345}]}]}
{"op":"mcm","clk":"7821665643","pt":1540566334795,"mc":[{"id":"1.150209371","rc":[{"ltp":1.19,"id":2251402}]}]}
{"op":"mcm","clk":"7821674391","pt":1540566410723,"mc":[{"id":"1.150209371","rc":[{"ltp":1.2,"id":2251402}]}]}
{"op":"mcm","clk":"7821715724","pt":1540566771895,"mc":[{"id":"1.150209371","rc":[{"ltp":6.0,"id":2249345},{"ltp":1.19,"id":2251402}]}]}
{"op":"mcm","clk":"7821722472","pt":1540566828660,"mc":[{"id":"1.150209371","rc":[{"ltp":1.2,"id":2251402}]}]}
{"op":"mcm","clk":"7821729664","pt":1540566892893,"mc":[{"id":"1.150209371","rc":[{"ltp":6.2,"id":2249345}]}]}
{"op":"mcm","clk":"7821747409","pt":1540567024175,"mc":[{"id":"1.150209371","rc":[{"ltp":1.19,"id":2251402}]}]}
{"op":"mcm","clk":"7821776336","pt":1540567113274,"mc":[{"id":"1.150209371","rc":[{"ltp":1.2,"id":2251402}]}]}
{"op":"mcm","clk":"7821783142","pt":1540567163874,"mc":[{"id":"1.150209371","rc":[{"ltp":1.19,"id":2251402}]}]}
{"op":"mcm","clk":"7821790467","pt":1540567233695,"mc":[{"id":"1.150209371","rc":[{"ltp":6.0,"id":2249345}]}]}
{"op":"mcm","clk":"7821810061","pt":1540567390737,"mc":[{"id":"1.150209371","rc":[{"ltp":1.2,"id":2251402}]}]}
{"op":"mcm","clk":"7821839268","pt":1540567635125,"mc":[{"id":"1.150209371","rc":[{"ltp":1.19,"id":2251402}]}]}
{"op":"mcm","clk":"7821871434","pt":1540567920937,"mc":[{"id":"1.150209371","rc":[{"ltp":1.2,"id":2251402}]}]}
{"op":"mcm","clk":"7821927636","pt":1540568271142,"mc":[{"id":"1.150209371","rc":[{"ltp":1.19,"id":2251402}]}]}
{"op":"mcm","clk":"7821940539","pt":1540568379609,"mc":[{"id":"1.150209371","rc":[{"ltp":6.2,"id":2249345}]}]}
{"op":"mcm","clk":"7821955200","pt":1540568511699,"mc":[{"id":"1.150209371","rc":[{"ltp":1.2,"id":2251402}]}]}
{"op":"mcm","clk":"7821960950","pt":1540568562693,"mc":[{"id":"1.150209371","rc":[{"ltp":1.19,"id":2251402}]}]}
{"op":"mcm","clk":"7822015181","pt":1540568929904,"mc":[{"id":"1.150209371","rc":[{"ltp":1.18,"id":2251402}]}]}
{"op":"mcm","clk":"7822027010","pt":1540569051299,"mc":[{"id":"1.150209371","rc":[{"ltp":6.4,"id":2249345}]}]}
{"op":"mcm","clk":"7822032848","pt":1540569113105,"mc":[{"id":"1.150209371","rc":[{"ltp":1.19,"id":2251402}]}]}
{"op":"mcm","clk":"7822039063","pt":1540569171085,"mc":[{"id":"1.150209371","rc":[{"ltp":1.18,"id":2251402}]}]}
{"op":"mcm","clk":"7822052133","pt":1540569288986,"mc":[{"id":"1.150209371","rc":[{"ltp":1.19,"id":2251402}]}]}
{"op":"mcm","clk":"7822065736","pt":1540569406073,"mc":[{"id":"1.150209371","rc":[{"ltp":1.18,"id":2251402}]}]}
{"op":"mcm","clk":"7822069081","pt":1540569438851,"mc":[{"id":"1.150209371","rc":[{"ltp":1.19,"id":2251402}]}]}
{"op":"mcm","clk":"7822096711","pt":1540569686092,"mc":[{"id":"1.150209371","rc":[{"ltp":1.18,"id":2251402}]}]}
{"op":"mcm","clk":"7822182490","pt":1540570297944,"mc":[{"id":"1.150209371","rc":[{"ltp":6.2,"id":2249345},{"ltp":1.19,"id":2251402}]}]}
{"op":"mcm","clk":"7822189123","pt":1540570369455,"mc":[{"id":"1.150209371","rc":[{"ltp":6.4,"id":2249345}]}]}
{"op":"mcm","clk":"7822210399","pt":1540570550718,"mc":[{"id":"1.150209371","rc":[{"ltp":1.2,"id":2251402}]}]}
{"op":"mcm","clk":"7822216101","pt":1540570598260,"mc":[{"id":"1.150209371","rc":[{"ltp":1.19,"id":2251402}]}]}
{"op":"mcm","clk":"7822241223","pt":1540570669722,"mc":[{"id":"1.150209371","rc":[{"ltp":6.2,"id":2249345}]}]}
{"op":"mcm","clk":"7822287736","pt":1540571091175,"mc":[{"id":"1.150209371","rc":[{"ltp":1.2,"id":2251402}]}]}
{"op":"mcm","clk":"7822294356","pt":1540571143319,"mc":[{"id":"1.150209371","rc":[{"ltp":6.4,"id":2249345},{"ltp":1.19,"id":2251402}]}]}
{"op":"mcm","clk":"7822332021","pt":1540571442693,"mc":[{"id":"1.150209371","rc":[{"ltp":1.18,"id":2251402}]}]}
{"op":"mcm","clk":"7822340395","pt":1540571509350,"mc":[{"id":"1.150209371","rc":[{"ltp":1.19,"id":2251402}]}]}
{"op":"mcm","clk":"7822421810","pt":1540571992562,"mc":[{"id":"1.150209371","rc":[{"ltp":6.2,"id":2249345}]}]}
{"op":"mcm","clk":"7822427303","pt":1540572033061,"mc":[{"id":"1.150209371","rc":[{"ltp":1.2,"id":2251402}]}]}
{"op":"mcm","clk":"7822462012","pt":1540572290826,"mc":[{"id":"1.150209371","rc":[{"ltp":1.19,"id":2251402}]}]}
{"op":"mcm","clk":"7822470061","pt":1540572352693,"mc":[{"id":"1.150209371","rc":[{"ltp":6.0,"id":2249345},{"ltp":1.2,"id":2251402}]}]}
{"op":"mcm","clk":"7822477713","pt":1540572408572,"mc":[{"id":"1.150209371","rc":[{"ltp":1.21,"id":2251402}]}]}
{"op":"mcm","clk":"7822502865","pt":1540572472037,"mc":[{"id":"1.150209371","rc":[{"ltp":5.9,"id":2249345},{"ltp":1.2,"id":2251402}]}]}
{"op":"mcm","clk":"7822534488","pt":1540572695621,"mc":[{"id":"1.150209371","rc":[{"ltp":1.21,"id":2251402}]}]}
{"op":"mcm","clk":"7822552869","pt":1540572828005,"mc":[{"id":"1.150209371","rc":[{"ltp":6.0,"id":2249345},{"ltp":1.2,"id":2251402}]}]}
{"op":"mcm","clk":"7822561594","pt":1540572887006,"mc":[{"id":"1.150209371","rc":[{"ltp":5.8,"id":2249345},{"ltp":1.21,"id":2251402}]}]}
{"op":"mcm","clk":"7822587913","pt":1540573072402,"mc":[{"id":"1.150209371","rc":[{"ltp":5.9,"id":2249345},{"ltp":1.2,"id":2251402}]}]}
{"op":"mcm","clk":"7822596958","pt":1540573132954,"mc":[{"id":"1.150209371","marketDefinition":{"bspMarket":false,"turnInPlayEnabled":true,"persistenceEnabled":true,"marketBaseRate":5.0,"eventId":"28976205","eventTypeId":"2","numberOfWinners":1,"bettingType":"ODDS","marketType":"MATCH_ODDS","marketTime":"2018-10-26T17:15:00.000Z","suspendTime":"2018-10-26T17:15:00.000Z","bspReconciled":false,"complete":true,"inPlay":false,"crossMatching":true,"runnersVoidable":false,"numberOfActiveRunners":2,"betDelay":0,"status":"OPEN","runners":[{"status":"ACTIVE","sortPriority":1,"id":2251402,"name":"Roger Federer"},{"status":"ACTIVE","sortPriority":2,"id":2249345,"name":"Gilles Simon"}],"regulators":["MR_INT"],"countryCode":"CH","discountAllowed":true,"timezone":"UTC","openDate":"2018-10-26T17:15:00.000Z","version":2476430783,"name":"Match Odds","eventName":"Federer v G Simon"},"rc":[{"ltp":1.21,"id":2251402}]}]}
{"op":"mcm","clk":"7822603908","pt":1540573186414,"mc":[{"id":"1.150209371","rc":[{"ltp":1.2,"id":2251402}]}]}
{"op":"mcm","clk":"7822676877","pt":1540573551578,"mc":[{"id":"1.150209371","rc":[{"ltp":1.21,"id":2251402}]}]}
{"op":"mcm","clk":"7822686574","pt":1540573613103,"mc":[{"id":"1.150209371","rc":[{"ltp":1.2,"id":2251402}]}]}
{"op":"mcm","clk":"7822714727","pt":1540573791279,"mc":[{"id":"1.150209371","rc":[{"ltp":1.21,"id":2251402}]}]}
{"op":"mcm","clk":"7822724138","pt":1540573851497,"mc":[{"id":"1.150209371","rc":[{"ltp":1.2,"id":2251402}]}]}
{"op":"mcm","clk":"7822732485","pt":1540573903658,"mc":[{"id":"1.150209371","rc":[{"ltp":1.21,"id":2251402}]}]}
{"op":"mcm","clk":"7822743071","pt":1540573970618,"mc":[{"id":"1.150209371","rc":[{"ltp":1.2,"id":2251402}]}]}
{"op":"mcm","clk":"7822752605","pt":1540574030806,"mc":[{"id":"1.150209371","marketDefinition":{"bspMarket":false,"turnInPlayEnabled":true,"persistenceEnabled":true,"marketBaseRate":5.0,"eventId":"28976205","eventTypeId":"2","numberOfWinners":1,"bettingType":"ODDS","marketType":"MATCH_ODDS","marketTime":"2018-10-26T17:30:00.000Z","suspendTime":"2018-10-26T17:30:00.000Z","bspReconciled":false,"complete":true,"inPlay":false,"crossMatching":true,"runnersVoidable":false,"numberOfActiveRunners":2,"betDelay":0,"status":"OPEN","runners":[{"status":"ACTIVE","sortPriority":1,"id":2251402,"name":"Roger Federer"},{"status":"ACTIVE","sortPriority":2,"id":2249345,"name":"Gilles Simon"}],"regulators":["MR_INT"],"countryCode":"CH","discountAllowed":true,"timezone":"UTC","openDate":"2018-10-26T17:30:00.000Z","version":2476487618,"name":"Match Odds","eventName":"Federer v G Simon"}}]}
{"op":"mcm","clk":"7822762227","pt":1540574092091,"mc":[{"id":"1.150209371","rc":[{"ltp":1.21,"id":2251402}]}]}
{"op":"mcm","clk":"7822772572","pt":1540574150198,"mc":[{"id":"1.150209371","rc":[{"ltp":5.8,"id":2249345},{"ltp":1.2,"id":2251402}]}]}
{"op":"mcm","clk":"7822818256","pt":1540574329943,"mc":[{"id":"1.150209371","marketDefinition":{"bspMarket":false,"turnInPlayEnabled":true,"persistenceEnabled":true,"marketBaseRate":5.0,"eventId":"28976205","eventTypeId":"2","numberOfWinners":1,"bettingType":"ODDS","marketType":"MATCH_ODDS","marketTime":"2018-10-26T17:14:00.000Z","suspendTime":"2018-10-26T17:14:00.000Z","bspReconciled":false,"complete":true,"inPlay":false,"crossMatching":true,"runnersVoidable":false,"numberOfActiveRunners":2,"betDelay":0,"status":"OPEN","runners":[{"status":"ACTIVE","sortPriority":1,"id":2251402,"name":"Roger Federer"},{"status":"ACTIVE","sortPriority":2,"id":2249345,"name":"Gilles Simon"}],"regulators":["MR_INT"],"countryCode":"CH","discountAllowed":true,"timezone":"UTC","openDate":"2018-10-26T17:14:00.000Z","version":2476500704,"name":"Match Odds","eventName":"Federer v G Simon"}}]}
{"op":"mcm","clk":"7822828040","pt":1540574392939,"mc":[{"id":"1.150209371","rc":[{"ltp":1.21,"id":2251402}]}]}
{"op":"mcm","clk":"7822836525","pt":1540574444830,"mc":[{"id":"1.150209371","rc":[{"ltp":5.7,"id":2249345}]}]}
{"op":"mcm","clk":"7822847307","pt":1540574509100,"mc":[{"id":"1.150209371","rc":[{"ltp":1.2,"id":2251402}]}]}
{"op":"mcm","clk":"7822857575","pt":1540574571071,"mc":[{"id":"1.150209371","rc":[{"ltp":1.21,"id":2251402}]}]}
{"op":"mcm","clk":"7822867959","pt":1540574632077,"mc":[{"id":"1.150209371","rc":[{"ltp":1.2,"id":2251402}]}]}
{"op":"mcm","clk":"7822878694","pt":1540574691491,"mc":[{"id":"1.150209371","rc":[{"ltp":5.6,"id":2249345},{"ltp":1.21,"id":2251402}]}]}
{"op":"mcm","clk":"7822889380","pt":1540574751437,"mc":[{"id":"1.150209371","rc":[{"ltp":5.7,"id":2249345},{"ltp":1.22,"id":2251402}]}]}
{"op":"mcm","clk":"7822899863","pt":1540574812801,"mc":[{"id":"1.150209371","rc":[{"ltp":5.6,"id":2249345}]}]}
{"op":"mcm","clk":"7822916938","pt":1540574927926,"mc":[{"id":"1.150209371","rc":[{"ltp":1.21,"id":2251402}]}]}
{"op":"mcm","clk":"7822937731","pt":1540575052950,"mc":[{"id":"1.150209371","rc":[{"ltp":5.7,"id":2249345}]}]}
{"op":"mcm","clk":"7822983082","pt":1540575232699,"mc":[{"id":"1.150209371","rc":[{"ltp":5.8,"id":2249345},{"ltp":1.2,"id":2251402}]}]}
{"op":"mcm","clk":"7822992846","pt":1540575291994,"mc":[{"id":"1.150209371","rc":[{"ltp":6.2,"id":2249345},{"ltp":1.19,"id":2251402}]}]}
{"op":"mcm","clk":"7823002970","pt":1540575350038,"mc":[{"id":"1.150209371","marketDefinition":{"bspMarket":false,"turnInPlayEnabled":true,"persistenceEnabled":true,"marketBaseRate":5.0,"eventId":"28976205","eventTypeId":"2","numberOfWinners":1,"bettingType":"ODDS","marketType":"MATCH_ODDS","marketTime":"2018-10-26T17:14:00.000Z","suspendTime":"2018-10-26T17:14:00.000Z","bspReconciled":false,"complete":true,"inPlay":true,"crossMatching":true,"runnersVoidable":false,"numberOfActiveRunners":2,"betDelay":5,"status":"OPEN","runners":[{"status":"ACTIVE","sortPriority":1,"id":2251402,"name":"Roger Federer"},{"status":"ACTIVE","sortPriority":2,"id":2249345,"name":"Gilles Simon"}],"regulators":["MR_INT"],"countryCode":"CH","discountAllowed":true,"timezone":"UTC","openDate":"2018-10-26T17:14:00.000Z","version":2476532847,"name":"Match Odds","eventName":"Federer v G Simon"},"rc":[{"ltp":5.8,"id":2249345},{"ltp":1.21,"id":2251402}]}]}
{"op":"mcm","clk":"7823013498","pt":1540575413070,"mc":[{"id":"1.150209371","rc":[{"ltp":6.2,"id":2249345},{"ltp":1.19,"id":2251402}]}]}
{"op":"mcm","clk":"7823023573","pt":1540575472776,"mc":[{"id":"1.150209371","rc":[{"ltp":6.0,"id":2249345},{"ltp":1.2,"id":2251402}]}]}
{"op":"mcm","clk":"7823033868","pt":1540575532389,"mc":[{"id":"1.150209371","rc":[{"ltp":6.2,"id":2249345}]}]}
{"op":"mcm","clk":"7823044936","pt":1540575593085,"mc":[{"id":"1.150209371","rc":[{"ltp":6.4,"id":2249345},{"ltp":1.17,"id":2251402}]}]}
{"op":"mcm","clk":"7823054886","pt":1540575653003,"mc":[{"id":"1.150209371","rc":[{"ltp":5.8,"id":2249345},{"ltp":1.22,"id":2251402}]}]}
{"op":"mcm","clk":"7823064242","pt":1540575712785,"mc":[{"id":"1.150209371","rc":[{"ltp":6.0,"id":2249345},{"ltp":1.2,"id":2251402}]}]}
{"op":"mcm","clk":"7823074099","pt":1540575773069,"mc":[{"id":"1.150209371","rc":[{"ltp":5.3,"id":2249345},{"ltp":1.23,"id":2251402}]}]}
{"op":"mcm","clk":"7823084176","pt":1540575833088,"mc":[{"id":"1.150209371","rc":[{"ltp":3.2,"id":2249345},{"ltp":1.47,"id":2251402}]}]}
{"op":"mcm","clk":"7823094934","pt":1540575892929,"mc":[{"id":"1.150209371","rc":[{"ltp":3.1,"id":2249345},{"ltp":1.49,"id":2251402}]}]}
{"op":"mcm","clk":"7823105384","pt":1540575952909,"mc":[{"id":"1.150209371","rc":[{"ltp":3.15,"id":2249345},{"ltp":1.46,"id":2251402}]}]}
{"op":"mcm","clk":"7823114000","pt":1540576012912,"mc":[{"id":"1.150209371","rc":[{"ltp":2.84,"id":2249345},{"ltp":1.53,"id":2251402}]}]}
{"op":"mcm","clk":"7823139637","pt":1540576072717,"mc":[{"id":"1.150209371","rc":[{"ltp":2.9,"id":2249345},{"ltp":1.52,"id":2251402}]}]}
{"op":"mcm","clk":"7823148690","pt":1540576132996,"mc":[{"id":"1.150209371","rc":[{"ltp":2.68,"id":2249345},{"ltp":1.58,"id":2251402}]}]}
{"op":"mcm","clk":"7823157399","pt":1540576192718,"mc":[{"id":"1.150209371","rc":[{"ltp":2.86,"id":2249345},{"ltp":1.63,"id":2251402}]}]}
{"op":"mcm","clk":"7823165823","pt":1540576252947,"mc":[{"id":"1.150209371","rc":[{"ltp":2.84,"id":2249345},{"ltp":1.54,"id":2251402}]}]}
{"op":"mcm","clk":"7823174431","pt":1540576313075,"mc":[{"id":"1.150209371","rc":[{"ltp":3.1,"id":2249345},{"ltp":1.47,"id":2251402}]}]}
{"op":"mcm","clk":"7823181814","pt":1540576373067,"mc":[{"id":"1.150209371","rc":[{"ltp":3.0,"id":2249345},{"ltp":1.49,"id":2251402}]}]}
{"op":"mcm","clk":"7823189853","pt":1540576432891,"mc":[{"id":"1.150209371","rc":[{"ltp":2.66,"id":2249345},{"ltp":1.59,"id":2251402}]}]}
{"op":"mcm","clk":"7823198462","pt":1540576492904,"mc":[{"id":"1.150209371","rc":[{"ltp":2.96,"id":2249345},{"ltp":1.52,"id":2251402}]}]}
{"op":"mcm","clk":"7823207954","pt":1540576552814,"mc":[{"id":"1.150209371","rc":[{"ltp":2.72,"id":2249345},{"ltp":1.57,"id":2251402}]}]}
{"op":"mcm","clk":"7823217018","pt":1540576613015,"mc":[{"id":"1.150209371","rc":[{"ltp":2.74,"id":2249345}]}]}
{"op":"mcm","clk":"7823225575","pt":1540576672233,"mc":[{"id":"1.150209371","rc":[{"ltp":2.88,"id":2249345},{"ltp":1.5,"id":2251402}]}]}
{"op":"mcm","clk":"7823234521","pt":1540576733071,"mc":[{"id":"1.150209371","rc":[{"ltp":2.84,"id":2249345},{"ltp":1.54,"id":2251402}]}]}
{"op":"mcm","clk":"7823244150","pt":1540576792979,"mc":[{"id":"1.150209371","rc":[{"ltp":3.1,"id":2249345},{"ltp":1.45,"id":2251402}]}]}
{"op":"mcm","clk":"7823254687","pt":1540576853100,"mc":[{"id":"1.150209371","rc":[{"ltp":2.74,"id":2249345},{"ltp":1.59,"id":2251402}]}]}
{"op":"mcm","clk":"7823267856","pt":1540576912192,"mc":[{"id":"1.150209371","rc":[{"ltp":2.72,"id":2249345},{"ltp":1.54,"id":2251402}]}]}
{"op":"mcm","clk":"7823298794","pt":1540576972537,"mc":[{"id":"1.150209371","rc":[{"ltp":3.25,"id":2249345},{"ltp":1.38,"id":2251402}]}]}
{"op":"mcm","clk":"7823311266","pt":1540577032695,"mc":[{"id":"1.150209371","rc":[{"ltp":3.3,"id":2249345},{"ltp":1.44,"id":2251402}]}]}
{"op":"mcm","clk":"7823322584","pt":1540577092986,"mc":[{"id":"1.150209371","rc":[{"ltp":3.4,"id":2249345}]}]}
{"op":"mcm","clk":"7823335802","pt":1540577152870,"mc":[{"id":"1.150209371","rc":[{"ltp":3.25,"id":2249345},{"ltp":1.34,"id":2251402}]}]}
{"op":"mcm","clk":"7823348458","pt":1540577212653,"mc":[{"id":"1.150209371","rc":[{"ltp":3.1,"id":2249345},{"ltp":1.45,"id":2251402}]}]}
{"op":"mcm","clk":"7823361856","pt":1540577272874,"mc":[{"id":"1.150209371","rc":[{"ltp":2.92,"id":2249345},{"ltp":1.52,"id":2251402}]}]}
{"op":"mcm","clk":"7823374948","pt":1540577333026,"mc":[{"id":"1.150209371","rc":[{"ltp":2.72,"id":2249345},{"ltp":1.58,"id":2251402}]}]}
{"op":"mcm","clk":"7823387972","pt":1540577392533,"mc":[{"id":"1.150209371","rc":[{"ltp":2.68,"id":2249345},{"ltp":1.59,"id":2251402}]}]}
{"op":"mcm","clk":"7823401050","pt":1540577452424,"mc":[{"id":"1.150209371","rc":[{"ltp":2.7,"id":2249345},{"ltp":1.57,"id":2251402}]}]}
{"op":"mcm","clk":"7823414009","pt":1540577513031,"mc":[{"id":"1.150209371","rc":[{"ltp":2.84,"id":2249345},{"ltp":1.55,"id":2251402}]}]}
{"op":"mcm","clk":"7823426870","pt":1540577572818,"mc":[{"id":"1.150209371","rc":[{"ltp":3.8,"id":2249345},{"ltp":1.36,"id":2251402}]}]}
{"op":"mcm","clk":"7823440437","pt":1540577633070,"mc":[{"id":"1.150209371","rc":[{"ltp":2.96,"id":2249345},{"ltp":1.52,"id":2251402}]}]}
{"op":"mcm","clk":"7823453279","pt":1540577693042,"mc":[{"id":"1.150209371","rc":[{"ltp":3.6,"id":2249345},{"ltp":1.51,"id":2251402}]}]}
{"op":"mcm","clk":"7823468115","pt":1540577753055,"mc":[{"id":"1.150209371","rc":[{"ltp":3.55,"id":2249345},{"ltp":1.4,"id":2251402}]}]}
{"op":"mcm","clk":"7823482538","pt":1540577813020,"mc":[{"id":"1.150209371","rc":[{"ltp":5.1,"id":2249345},{"ltp":1.25,"id":2251402}]}]}
{"op":"mcm","clk":"7823512779","pt":1540577872741,"mc":[{"id":"1.150209371","rc":[{"ltp":4.8,"id":2249345}]}]}
{"op":"mcm","clk":"7823524842","pt":1540577933069,"mc":[{"id":"1.150209371","rc":[{"ltp":5.2,"id":2249345},{"ltp":1.23,"id":2251402}]}]}
{"op":"mcm","clk":"7823537019","pt":1540577992930,"mc":[{"id":"1.150209371","rc":[{"ltp":6.2,"id":2249345},{"ltp":1.19,"id":2251402}]}]}
{"op":"mcm","clk":"7823549425","pt":1540578053006,"mc":[{"id":"1.150209371","rc":[{"ltp":5.7,"id":2249345},{"ltp":1.21,"id":2251402}]}]}
{"op":"mcm","clk":"7823573726","pt":1540578172824,"mc":[{"id":"1.150209371","rc":[{"ltp":5.1,"id":2249345},{"ltp":1.25,"id":2251402}]}]}
{"op":"mcm","clk":"7823585609","pt":1540578230781,"mc":[{"id":"1.150209371","rc":[{"ltp":4.9,"id":2249345},{"ltp":1.26,"id":2251402}]}]}
{"op":"mcm","clk":"7823598142","pt":1540578292272,"mc":[{"id":"1.150209371","rc":[{"ltp":5.1,"id":2249345},{"ltp":1.24,"id":2251402}]}]}
{"op":"mcm","clk":"7823608716","pt":1540578352731,"mc":[{"id":"1.150209371","rc":[{"ltp":5.0,"id":2249345},{"ltp":1.23,"id":2251402}]}]}
{"op":"mcm","clk":"7823622634","pt":1540578413057,"mc":[{"id":"1.150209371","rc":[{"ltp":4.8,"id":2249345},{"ltp":1.26,"id":2251402}]}]}
{"op":"mcm","clk":"7823636239","pt":1540578472986,"mc":[{"id":"1.150209371","rc":[{"ltp":4.1,"id":2249345},{"ltp":1.46,"id":2251402}]}]}
{"op":"mcm","clk":"7823649567","pt":1540578532948,"mc":[{"id":"1.150209371","rc":[{"ltp":4.7,"id":2249345},{"ltp":1.28,"id":2251402}]}]}
{"op":"mcm","clk":"7823662078","pt":1540578593008,"mc":[{"id":"1.150209371","rc":[{"ltp":1.27,"id":2251402}]}]}
{"op":"mcm","clk":"7823675521","pt":1540578653059,"mc":[{"id":"1.150209371","rc":[{"ltp":5.3,"id":2249345},{"ltp":1.24,"id":2251402}]}]}
{"op":"mcm","clk":"7823688593","pt":1540578712937,"mc":[{"id":"1.150209371","rc":[{"ltp":6.8,"id":2249345},{"ltp":1.14,"id":2251402}]}]}
{"op":"mcm","clk":"7823718073","pt":1540578772991,"mc":[{"id":"1.150209371","rc":[{"ltp":9.4,"id":2249345},{"ltp":1.12,"id":2251402}]}]}
{"op":"mcm","clk":"7823732419","pt":1540578832752,"mc":[{"id":"1.150209371","rc":[{"ltp":9.0,"id":2249345},{"ltp":1.13,"id":2251402}]}]}
{"op":"mcm","clk":"7823746562","pt":1540578893045,"mc":[{"id":"1.150209371","rc":[{"ltp":13.0,"id":2249345},{"ltp":1.08,"id":2251402}]}]}
{"op":"mcm","clk":"7823760532","pt":1540578952909,"mc":[{"id":"1.150209371","rc":[{"ltp":14.0,"id":2249345}]}]}
{"op":"mcm","clk":"7823774374","pt":1540579012991,"mc":[{"id":"1.150209371","rc":[{"ltp":15.5,"id":2249345},{"ltp":1.06,"id":2251402}]}]}
{"op":"mcm","clk":"7823787358","pt":1540579073031,"mc":[{"id":"1.150209371","rc":[{"ltp":17.0,"id":2249345},{"ltp":1.07,"id":2251402}]}]}
{"op":"mcm","clk":"7823800940","pt":1540579132260,"mc":[{"id":"1.150209371","rc":[{"ltp":17.5,"id":2249345},{"ltp":1.06,"id":2251402}]}]}
{"op":"mcm","clk":"7823841612","pt":1540579312786,"mc":[{"id":"1.150209371","rc":[{"ltp":1.05,"id":2251402}]}]}
{"op":"mcm","clk":"7823854896","pt":1540579372484,"mc":[{"id":"1.150209371","rc":[{"ltp":17.0,"id":2249345},{"ltp":1.07,"id":2251402}]}]}
{"op":"mcm","clk":"7823867074","pt":1540579432457,"mc":[{"id":"1.150209371","rc":[{"ltp":15.0,"id":2249345},{"ltp":1.08,"id":2251402}]}]}
{"op":"mcm","clk":"7823880206","pt":1540579492789,"mc":[{"id":"1.150209371","rc":[{"ltp":14.5,"id":2249345},{"ltp":1.07,"id":2251402}]}]}
{"op":"mcm","clk":"7823893223","pt":1540579553089,"mc":[{"id":"1.150209371","rc":[{"ltp":12.5,"id":2249345},{"ltp":1.12,"id":2251402}]}]}
{"op":"mcm","clk":"7823905489","pt":1540579612760,"mc":[{"id":"1.150209371","rc":[{"ltp":12.0,"id":2249345},{"ltp":1.09,"id":2251402}]}]}
{"op":"mcm","clk":"7823933021","pt":1540579672969,"mc":[{"id":"1.150209371","rc":[{"ltp":6.4,"id":2249345},{"ltp":1.19,"id":2251402}]}]}
{"op":"mcm","clk":"7823943721","pt":1540579732557,"mc":[{"id":"1.150209371","rc":[{"ltp":1.18,"id":2251402}]}]}
{"op":"mcm","clk":"7823953789","pt":1540579792852,"mc":[{"id":"1.150209371","rc":[{"ltp":1.17,"id":2251402}]}]}
{"op":"mcm","clk":"7823962060","pt":1540579852658,"mc":[{"id":"1.150209371","rc":[{"ltp":9.2,"id":2249345},{"ltp":1.12,"id":2251402}]}]}
{"op":"mcm","clk":"7823969513","pt":1540579911871,"mc":[{"id":"1.150209371","rc":[{"ltp":8.0,"id":2249345},{"ltp":1.13,"id":2251402}]}]}
{"op":"mcm","clk":"7823980103","pt":1540579972965,"mc":[{"id":"1.150209371","rc":[{"ltp":9.4,"id":2249345},{"ltp":1.12,"id":2251402}]}]}
{"op":"mcm","clk":"7823989037","pt":1540580032862,"mc":[{"id":"1.150209371","rc":[{"ltp":13.5,"id":2249345},{"ltp":1.09,"id":2251402}]}]}
{"op":"mcm","clk":"7823997552","pt":1540580092832,"mc":[{"id":"1.150209371","rc":[{"ltp":9.4,"id":2249345},{"ltp":1.13,"id":2251402}]}]}
{"op":"mcm","clk":"7824005791","pt":1540580152833,"mc":[{"id":"1.150209371","rc":[{"ltp":9.8,"id":2249345},{"ltp":1.11,"id":2251402}]}]}
{"op":"mcm","clk":"7824016835","pt":1540580212692,"mc":[{"id":"1.150209371","rc":[{"ltp":7.6,"id":2249345},{"ltp":1.13,"id":2251402}]}]}
{"op":"mcm","clk":"7824026848","pt":1540580272812,"mc":[{"id":"1.150209371","rc":[{"ltp":11.0,"id":2249345},{"ltp":1.1,"id":2251402}]}]}
{"op":"mcm","clk":"7824035960","pt":1540580332868,"mc":[{"id":"1.150209371","rc":[{"ltp":12.5,"id":2249345},{"ltp":1.09,"id":2251402}]}]}
{"op":"mcm","clk":"7824045447","pt":1540580392871,"mc":[{"id":"1.150209371","rc":[{"ltp":8.6,"id":2249345},{"ltp":1.13,"id":2251402}]}]}
{"op":"mcm","clk":"7824055256","pt":1540580452973,"mc":[{"id":"1.150209371","rc":[{"ltp":6.0,"id":2249345},{"ltp":1.21,"id":2251402}]}]}
{"op":"mcm","clk":"7824066242","pt":1540580512214,"mc":[{"id":"1.150209371","rc":[{"ltp":1.2,"id":2251402}]}]}
{"op":"mcm","clk":"7824094577","pt":1540580572343,"mc":[{"id":"1.150209371","rc":[{"ltp":1.19,"id":2251402}]}]}
{"op":"mcm","clk":"7824107720","pt":1540580633058,"mc":[{"id":"1.150209371","rc":[{"ltp":9.4,"id":2249345},{"ltp":1.13,"id":2251402}]}]}
{"op":"mcm","clk":"7824120244","pt":1540580692983,"mc":[{"id":"1.150209371","rc":[{"ltp":12.0,"id":2249345},{"ltp":1.09,"id":2251402}]}]}
{"op":"mcm","clk":"7824132143","pt":1540580752923,"mc":[{"id":"1.150209371","rc":[{"ltp":15.0,"id":2249345},{"ltp":1.08,"id":2251402}]}]}
{"op":"mcm","clk":"7824144165","pt":1540580813062,"mc":[{"id":"1.150209371","rc":[{"ltp":15.5,"id":2249345},{"ltp":1.06,"id":2251402}]}]}
{"op":"mcm","clk":"7824156314","pt":1540580872921,"mc":[{"id":"1.150209371","rc":[{"ltp":16.0,"id":2249345},{"ltp":1.07,"id":2251402}]}]}
{"op":"mcm","clk":"7824168450","pt":1540580932754,"mc":[{"id":"1.150209371","rc":[{"ltp":15.5,"id":2249345},{"ltp":1.06,"id":2251402}]}]}
{"op":"mcm","clk":"7824181001","pt":1540580992597,"mc":[{"id":"1.150209371","rc":[{"ltp":24.0,"id":2249345},{"ltp":1.04,"id":2251402}]}]}
{"op":"mcm","clk":"7824193474","pt":1540581052640,"mc":[{"id":"1.150209371","rc":[{"ltp":20.0,"id":2249345},{"ltp":1.05,"id":2251402}]}]}
{"op":"mcm","clk":"7824205783","pt":1540581112758,"mc":[{"id":"1.150209371","rc":[{"ltp":17.5,"id":2249345},{"ltp":1.06,"id":2251402}]}]}
{"op":"mcm","clk":"7824217412","pt":1540581173089,"mc":[{"id":"1.150209371","rc":[{"ltp":12.0,"id":2249345},{"ltp":1.09,"id":2251402}]}]}
{"op":"mcm","clk":"7824229619","pt":1540581232841,"mc":[{"id":"1.150209371","rc":[{"ltp":9.4,"id":2249345},{"ltp":1.13,"id":2251402}]}]}
{"op":"mcm","clk":"7824242174","pt":1540581292979,"mc":[{"id":"1.150209371","rc":[{"ltp":9.0,"id":2249345},{"ltp":1.1,"id":2251402}]}]}
{"op":"mcm","clk":"7824256102","pt":1540581352995,"mc":[{"id":"1.150209371","rc":[{"ltp":10.5,"id":2249345},{"ltp":1.16,"id":2251402}]}]}
{"op":"mcm","clk":"7824269794","pt":1540581413075,"mc":[{"id":"1.150209371","rc":[{"ltp":4.6,"id":2249345},{"ltp":1.27,"id":2251402}]}]}
{"op":"mcm","clk":"7824300121","pt":1540581473104,"mc":[{"id":"1.150209371","rc":[{"ltp":4.3,"id":2249345},{"ltp":1.3,"id":2251402}]}]}
{"op":"mcm","clk":"7824313735","pt":1540581533064,"mc":[{"id":"1.150209371","rc":[{"ltp":4.5,"id":2249345},{"ltp":1.29,"id":2251402}]}]}
{"op":"mcm","clk":"7824325710","pt":1540581592917,"mc":[{"id":"1.150209371","rc":[{"ltp":5.6,"id":2249345},{"ltp":1.23,"id":2251402}]}]}
{"op":"mcm","clk":"7824337000","pt":1540581653100,"mc":[{"id":"1.150209371","rc":[{"ltp":4.7,"id":2249345},{"ltp":1.27,"id":2251402}]}]}
{"op":"mcm","clk":"7824348723","pt":1540581713007,"mc":[{"id":"1.150209371","rc":[{"ltp":3.9,"id":2249345},{"ltp":1.33,"id":2251402}]}]}
{"op":"mcm","clk":"7824358917","pt":1540581772978,"mc":[{"id":"1.150209371","rc":[{"ltp":3.45,"id":2249345},{"ltp":1.41,"id":2251402}]}]}
{"op":"mcm","clk":"7824369373","pt":1540581832989,"mc":[{"id":"1.150209371","rc":[{"ltp":3.55,"id":2249345},{"ltp":1.39,"id":2251402}]}]}
{"op":"mcm","clk":"7824379449","pt":1540581893015,"mc":[{"id":"1.150209371","rc":[{"ltp":3.5,"id":2249345}]}]}
{"op":"mcm","clk":"7824389717","pt":1540581952935,"mc":[{"id":"1.150209371","rc":[{"ltp":3.75,"id":2249345},{"ltp":1.32,"id":2251402}]}]}
{"op":"mcm","clk":"7824397850","pt":1540582013046,"mc":[{"id":"1.150209371","rc":[{"ltp":4.0,"id":2249345},{"ltp":1.33,"id":2251402}]}]}
{"op":"mcm","clk":"7824408973","pt":1540582073092,"mc":[{"id":"1.150209371","rc":[{"ltp":3.25,"id":2249345},{"ltp":1.44,"id":2251402}]}]}
{"op":"mcm","clk":"7824419426","pt":1540582133004,"mc":[{"id":"1.150209371","rc":[{"ltp":1.43,"id":2251402}]}]}
{"op":"mcm","clk":"7824431071","pt":1540582193079,"mc":[{"id":"1.150209371","rc":[{"ltp":4.1,"id":2249345},{"ltp":1.32,"id":2251402}]}]}
{"op":"mcm","clk":"7824442139","pt":1540582252677,"mc":[{"id":"1.150209371","rc":[{"ltp":4.2,"id":2249345},{"ltp":1.31,"id":2251402}]}]}
{"op":"mcm","clk":"7824453185","pt":1540582312959,"mc":[{"id":"1.150209371","rc":[{"ltp":3.75,"id":2249345},{"ltp":1.36,"id":2251402}]}]}
{"op":"mcm","clk":"7824481651","pt":1540582372986,"mc":[{"id":"1.150209371","rc":[{"ltp":4.7,"id":2249345},{"ltp":1.23,"id":2251402}]}]}
{"op":"mcm","clk":"7824492969","pt":1540582433084,"mc":[{"id":"1.150209371","rc":[{"ltp":5.4,"id":2249345},{"ltp":1.3,"id":2251402}]}]}
{"op":"mcm","clk":"7824503780","pt":1540582493022,"mc":[{"id":"1.150209371","rc":[{"ltp":5.7,"id":2249345},{"ltp":1.2,"id":2251402}]}]}
{"op":"mcm","clk":"7824514782","pt":1540582553072,"mc":[{"id":"1.150209371","rc":[{"ltp":9.8,"id":2249345},{"ltp":1.12,"id":2251402}]}]}
{"op":"mcm","clk":"7824526257","pt":1540582613039,"mc":[{"id":"1.150209371","rc":[{"ltp":7.6,"id":2249345},{"ltp":1.14,"id":2251402}]}]}
{"op":"mcm","clk":"7824537824","pt":1540582673098,"mc":[{"id":"1.150209371","rc":[{"ltp":10.0,"id":2249345},{"ltp":1.12,"id":2251402}]}]}
{"op":"mcm","clk":"7824549095","pt":1540582732501,"mc":[{"id":"1.150209371","rc":[{"ltp":14.0,"id":2249345},{"ltp":1.07,"id":2251402}]}]}
{"op":"mcm","clk":"7824559247","pt":1540582792944,"mc":[{"id":"1.150209371","rc":[{"ltp":16.0,"id":2249345}]}]}
{"op":"mcm","clk":"7824569213","pt":1540582852831,"mc":[{"id":"1.150209371","rc":[{"ltp":17.0,"id":2249345}]}]}
{"op":"mcm","clk":"7824579020","pt":1540582912999,"mc":[{"id":"1.150209371","rc":[{"ltp":16.0,"id":2249345}]}]}
{"op":"mcm","clk":"7824588430","pt":1540582972993,"mc":[{"id":"1.150209371","rc":[{"ltp":17.0,"id":2249345}]}]}
{"op":"mcm","clk":"7824597652","pt":1540583032027,"mc":[{"id":"1.150209371","rc":[{"ltp":18.0,"id":2249345}]}]}
{"op":"mcm","clk":"7824607593","pt":1540583092904,"mc":[{"id":"1.150209371","rc":[{"ltp":12.5,"id":2249345},{"ltp":1.09,"id":2251402}]}]}
{"op":"mcm","clk":"7824617348","pt":1540583152745,"mc":[{"id":"1.150209371","rc":[{"ltp":11.5,"id":2249345},{"ltp":1.1,"id":2251402}]}]}
{"op":"mcm","clk":"7824626324","pt":1540583212781,"mc":[{"id":"1.150209371","rc":[{"ltp":14.0,"id":2249345},{"ltp":1.08,"id":2251402}]}]}
{"op":"mcm","clk":"7824652506","pt":1540583273033,"mc":[{"id":"1.150209371","rc":[{"ltp":10.5,"id":2249345},{"ltp":1.1,"id":2251402}]}]}
{"op":"mcm","clk":"7824661311","pt":1540583333022,"mc":[{"id":"1.150209371","rc":[{"ltp":13.5,"id":2249345},{"ltp":1.08,"id":2251402}]}]}
{"op":"mcm","clk":"7824669084","pt":1540583392912,"mc":[{"id":"1.150209371","rc":[{"ltp":18.5,"id":2249345},{"ltp":1.06,"id":2251402}]}]}
{"op":"mcm","clk":"7824678539","pt":1540583452580,"mc":[{"id":"1.150209371","rc":[{"ltp":1.05,"id":2251402}]}]}
{"op":"mcm","clk":"7824685562","pt":1540583512914,"mc":[{"id":"1.150209371","rc":[{"ltp":18.0,"id":2249345},{"ltp":1.06,"id":2251402}]}]}
{"op":"mcm","clk":"7824692327","pt":1540583572568,"mc":[{"id":"1.150209371","rc":[{"ltp":15.5,"id":2249345},{"ltp":1.07,"id":2251402}]}]}
{"op":"mcm","clk":"7824698442","pt":1540583632929,"mc":[{"id":"1.150209371","rc":[{"ltp":12.0,"id":2249345},{"ltp":1.12,"id":2251402}]}]}
{"op":"mcm","clk":"7824705174","pt":1540583692480,"mc":[{"id":"1.150209371","rc":[{"ltp":4.7,"id":2249345},{"ltp":1.27,"id":2251402}]}]}
{"op":"mcm","clk":"7824710790","pt":1540583752962,"mc":[{"id":"1.150209371","rc":[{"ltp":3.65,"id":2249345},{"ltp":1.39,"id":2251402}]}]}
{"op":"mcm","clk":"7824716094","pt":1540583812906,"mc":[{"id":"1.150209371","rc":[{"ltp":3.75,"id":2249345},{"ltp":1.36,"id":2251402}]}]}
{"op":"mcm","clk":"7824723108","pt":1540583872753,"mc":[{"id":"1.150209371","rc":[{"ltp":4.3,"id":2249345},{"ltp":1.3,"id":2251402}]}]}
{"op":"mcm","clk":"7824728787","pt":1540583932745,"mc":[{"id":"1.150209371","rc":[{"ltp":4.0,"id":2249345},{"ltp":1.32,"id":2251402}]}]}
{"op":"mcm","clk":"7824734358","pt":1540583993050,"mc":[{"id":"1.150209371","rc":[{"ltp":3.45,"id":2249345},{"ltp":1.41,"id":2251402}]}]}
{"op":"mcm","clk":"7824744390","pt":1540584052956,"mc":[{"id":"1.150209371","rc":[{"ltp":3.35,"id":2249345},{"ltp":1.42,"id":2251402}]}]}
{"op":"mcm","clk":"7824754090","pt":1540584113088,"mc":[{"id":"1.150209371","rc":[{"ltp":2.8,"id":2249345},{"ltp":1.56,"id":2251402}]}]}
{"op":"mcm","clk":"7824780856","pt":1540584173096,"mc":[{"id":"1.150209371","rc":[{"ltp":2.76,"id":2249345},{"ltp":1.44,"id":2251402}]}]}
{"op":"mcm","clk":"7824789487","pt":1540584233098,"mc":[{"id":"1.150209371","rc":[{"ltp":4.3,"id":2249345},{"ltp":1.3,"id":2251402}]}]}
{"op":"mcm","clk":"7824808164","pt":1540584352971,"mc":[{"id":"1.150209371","rc":[{"ltp":6.0,"id":2249345},{"ltp":1.2,"id":2251402}]}]}
{"op":"mcm","clk":"7824817559","pt":1540584412823,"mc":[{"id":"1.150209371","rc":[{"ltp":3.7,"id":2249345},{"ltp":1.38,"id":2251402}]}]}
{"op":"mcm","clk":"7824826971","pt":1540584473013,"mc":[{"id":"1.150209371","rc":[{"ltp":3.05,"id":2249345},{"ltp":1.48,"id":2251402}]}]}
{"op":"mcm","clk":"7824836348","pt":1540584533034,"mc":[{"id":"1.150209371","rc":[{"ltp":3.55,"id":2249345},{"ltp":1.39,"id":2251402}]}]}
{"op":"mcm","clk":"7824846772","pt":1540584593096,"mc":[{"id":"1.150209371","rc":[{"ltp":11.0,"id":2249345},{"ltp":1.1,"id":2251402}]}]}
{"op":"mcm","clk":"7824854255","pt":1540584642415,"mc":[{"id":"1.150209371","marketDefinition":{"bspMarket":false,"turnInPlayEnabled":true,"persistenceEnabled":true,"marketBaseRate":5.0,"eventId":"28976205","eventTypeId":"2","numberOfWinners":1,"bettingType":"ODDS","marketType":"MATCH_ODDS","marketTime":"2018-10-26T17:14:00.000Z","suspendTime":"2018-10-26T17:14:00.000Z","bspReconciled":false,"complete":true,"inPlay":true,"crossMatching":true,"runnersVoidable":false,"numberOfActiveRunners":2,"betDelay":5,"status":"SUSPENDED","runners":[{"status":"ACTIVE","sortPriority":1,"id":2251402,"name":"Roger Federer"},{"status":"ACTIVE","sortPriority":2,"id":2249345,"name":"Gilles Simon"}],"regulators":["MR_INT"],"countryCode":"CH","discountAllowed":true,"timezone":"UTC","openDate":"2018-10-26T17:14:00.000Z","version":2477070924,"name":"Match Odds","eventName":"Federer v G Simon"},"rc":[{"ltp":1.06,"id":2251402}]}]}
{"op":"mcm","clk":"7824862676","pt":1540584699913,"mc":[{"id":"1.150209371","marketDefinition":{"bspMarket":false,"turnInPlayEnabled":true,"persistenceEnabled":true,"marketBaseRate":5.0,"eventId":"28976205","eventTypeId":"2","numberOfWinners":1,"bettingType":"ODDS","marketType":"MATCH_ODDS","marketTime":"2018-10-26T17:14:00.000Z","suspendTime":"2018-10-26T17:14:00.000Z","bspReconciled":false,"complete":true,"inPlay":true,"crossMatching":false,"runnersVoidable":false,"numberOfActiveRunners":0,"betDelay":5,"status":"CLOSED","settledTime":"2018-10-26T20:10:39.000Z","runners":[{"status":"WINNER","sortPriority":1,"id":2251402,"name":"Roger Federer"},{"status":"LOSER","sortPriority":2,"id":2249345,"name":"Gilles Simon"}],"regulators":["MR_INT"],"countryCode":"CH","discountAllowed":true,"timezone":"UTC","openDate":"2018-10-26T17:14:00.000Z","version":2477071417,"name":"Match Odds","eventName":"Federer v G Simon"}}]}
