{"op":"mcm","clk":"7780081859","pt":1540790701317,"mc":[{"id":"1.150392449","marketDefinition":{"bspMarket":false,"turnInPlayEnabled":true,"persistenceEnabled":true,"marketBaseRate":5.0,"eventId":"28982509","eventTypeId":"2","numberOfWinners":1,"bettingType":"ODDS","marketType":"MATCH_ODDS","marketTime":"2018-10-30T06:00:00.000Z","suspendTime":"2018-10-30T06:00:00.000Z","bspReconciled":false,"complete":true,"inPlay":false,"crossMatching":true,"runnersVoidable":false,"numberOfActiveRunners":2,"betDelay":0,"status":"OPEN","runners":[{"status":"ACTIVE","sortPriority":1,"id":9628840,"name":"Aryna Sabalenka"},{"status":"ACTIVE","sortPriority":2,"id":6079501,"name":"Ashleigh Barty"}],"regulators":["MR_INT"],"countryCode":"CN","discountAllowed":true,"timezone":"UTC","openDate":"2018-10-30T06:00:00.000Z","version":2484327665,"name":"Match Odds","eventName":"Sabalenka v Barty"}}]}
{"op":"mcm","clk":"7781962989","pt":1540818508931,"mc":[{"id":"1.150392449","rc":[{"ltp":1.71,"id":9628840}]}]}
{"op":"mcm","clk":"7782636723","pt":1540827418796,"mc":[{"id":"1.150392449","rc":[{"ltp":1.7,"id":9628840}]}]}
{"op":"mcm","clk":"7782777591","pt":1540829683164,"mc":[{"id":"1.150392449","rc":[{"ltp":1.71,"id":9628840}]}]}
{"op":"mcm","clk":"7782958290","pt":1540832562230,"mc":[{"id":"1.150392449","rc":[{"ltp":1.7,"id":9628840}]}]}
{"op":"mcm","clk":"7783288853","pt":1540836035370,"mc":[{"id":"1.150392449","rc":[{"ltp":1.6,"id":9628840}]}]}
{"op":"mcm","clk":"7783725931","pt":1540839375965,"mc":[{"id":"1.150392449","rc":[{"ltp":1.61,"id":9628840}]}]}
{"op":"mcm","clk":"7783762439","pt":1540839650487,"mc":[{"id":"1.150392449","rc":[{"ltp":2.5,"id":6079501}]}]}
{"op":"mcm","clk":"7783864674","pt":1540840297346,"mc":[{"id":"1.150392449","rc":[{"ltp":2.46,"id":6079501}]}]}
{"op":"mcm","clk":"7783875923","pt":1540840375373,"mc":[{"id":"1.150392449","rc":[{"ltp":1.69,"id":9628840}]}]}
{"op":"mcm","clk":"7783994937","pt":1540841157439,"mc":[{"id":"1.150392449","rc":[{"ltp":1.74,"id":9628840},{"ltp":2.36,"id":6079501}]}]}
{"op":"mcm","clk":"7784276107","pt":1540843084404,"mc":[{"id":"1.150392449","rc":[{"ltp":1.69,"id":9628840}]}]}
{"op":"mcm","clk":"7784297321","pt":1540843262979,"mc":[{"id":"1.150392449","rc":[{"ltp":1.73,"id":9628840}]}]}
{"op":"mcm","clk":"7784497970","pt":1540844695532,"mc":[{"id":"1.150392449","rc":[{"ltp":1.66,"id":9628840}]}]}
{"op":"mcm","clk":"7784752643","pt":1540847096962,"mc":[{"id":"1.150392449","rc":[{"ltp":1.65,"id":9628840},{"ltp":2.52,"id":6079501}]}]}
{"op":"mcm","clk":"7784764203","pt":1540847204817,"mc":[{"id":"1.150392449","rc":[{"ltp":1.64,"id":9628840},{"ltp":2.54,"id":6079501}]}]}
{"op":"mcm","clk":"7784830394","pt":1540847755830,"mc":[{"id":"1.150392449","rc":[{"ltp":2.46,"id":6079501}]}]}
{"op":"mcm","clk":"7784930818","pt":1540848783071,"mc":[{"id":"1.150392449","rc":[{"ltp":2.54,"id":6079501}]}]}
{"op":"mcm","clk":"7785069173","pt":1540850698195,"mc":[{"id":"1.150392449","rc":[{"ltp":1.63,"id":9628840}]}]}
{"op":"mcm","clk":"7785093995","pt":1540850926052,"mc":[{"id":"1.150392449","rc":[{"ltp":2.48,"id":6079501}]}]}
{"op":"mcm","clk":"7785095875","pt":1540850955881,"mc":[{"id":"1.150392449","rc":[{"ltp":1.68,"id":9628840}]}]}
{"op":"mcm","clk":"7785380622","pt":1540855053274,"mc":[{"id":"1.150392449","rc":[{"ltp":1.63,"id":9628840}]}]}
{"op":"mcm","clk":"7785459074","pt":1540856165868,"mc":[{"id":"1.150392449","rc":[{"ltp":2.58,"id":6079501}]}]}
{"op":"mcm","clk":"7785499207","pt":1540856696406,"mc":[{"id":"1.150392449","rc":[{"ltp":1.62,"id":9628840}]}]}
{"op":"mcm","clk":"7785744364","pt":1540860347299,"mc":[{"id":"1.150392449","rc":[{"ltp":1.58,"id":9628840}]}]}
{"op":"mcm","clk":"7785762069","pt":1540860665120,"mc":[{"id":"1.150392449","rc":[{"ltp":1.56,"id":9628840}]}]}
{"op":"mcm","clk":"7785763871","pt":1540860699449,"mc":[{"id":"1.150392449","rc":[{"ltp":1.58,"id":9628840}]}]}
{"op":"mcm","clk":"7785797983","pt":1540861164679,"mc":[{"id":"1.150392449","rc":[{"ltp":1.59,"id":9628840}]}]}
{"op":"mcm","clk":"7785942951","pt":1540863559163,"mc":[{"id":"1.150392449","rc":[{"ltp":1.57,"id":9628840}]}]}
{"op":"mcm","clk":"7785963300","pt":1540864015879,"mc":[{"id":"1.150392449","rc":[{"ltp":1.59,"id":9628840},{"ltp":2.68,"id":6079501}]}]}
{"op":"mcm","clk":"7785968647","pt":1540864138301,"mc":[{"id":"1.150392449","rc":[{"ltp":1.57,"id":9628840}]}]}
{"op":"mcm","clk":"7786005625","pt":1540864776947,"mc":[{"id":"1.150392449","rc":[{"ltp":1.59,"id":9628840}]}]}
{"op":"mcm","clk":"7786043404","pt":1540865377869,"mc":[{"id":"1.150392449","rc":[{"ltp":2.58,"id":6079501}]}]}
{"op":"mcm","clk":"7786050342","pt":1540865517052,"mc":[{"id":"1.150392449","rc":[{"ltp":1.64,"id":9628840}]}]}
{"op":"mcm","clk":"7786169042","pt":1540867923941,"mc":[{"id":"1.150392449","rc":[{"ltp":2.64,"id":6079501}]}]}
{"op":"mcm","clk":"7786200788","pt":1540868450493,"mc":[{"id":"1.150392449","rc":[{"ltp":1.59,"id":9628840}]}]}
{"op":"mcm","clk":"7786205393","pt":1540868568128,"mc":[{"id":"1.150392449","rc":[{"ltp":1.57,"id":9628840}]}]}
{"op":"mcm","clk":"7786211652","pt":1540868759520,"mc":[{"id":"1.150392449","rc":[{"ltp":1.6,"id":9628840}]}]}
{"op":"mcm","clk":"7786224659","pt":1540868825733,"mc":[{"id":"1.150392449","rc":[{"ltp":1.61,"id":9628840}]}]}
{"op":"mcm","clk":"7786226034","pt":1540868872304,"mc":[{"id":"1.150392449","rc":[{"ltp":2.62,"id":6079501}]}]}
{"op":"mcm","clk":"7786248809","pt":1540869483793,"mc":[{"id":"1.150392449","rc":[{"ltp":1.58,"id":9628840},{"ltp":2.72,"id":6079501}]}]}
{"op":"mcm","clk":"7786253027","pt":1540869582652,"mc":[{"id":"1.150392449","rc":[{"ltp":1.57,"id":9628840},{"ltp":2.74,"id":6079501}]}]}
{"op":"mcm","clk":"7786317083","pt":1540870856622,"mc":[{"id":"1.150392449","rc":[{"ltp":1.58,"id":9628840}]}]}
{"op":"mcm","clk":"7786319069","pt":1540870913463,"mc":[{"id":"1.150392449","rc":[{"ltp":1.57,"id":9628840}]}]}
{"op":"mcm","clk":"7786357029","pt":1540871743307,"mc":[{"id":"1.150392449","rc":[{"ltp":2.72,"id":6079501}]}]}
{"op":"mcm","clk":"7786361223","pt":1540871877902,"mc":[{"id":"1.150392449","rc":[{"ltp":2.74,"id":6079501}]}]}
{"op":"mcm","clk":"7786363682","pt":1540871945874,"mc":[{"id":"1.150392449","rc":[{"ltp":1.56,"id":9628840}]}]}
{"op":"mcm","clk":"7786371135","pt":1540872184304,"mc":[{"id":"1.150392449","rc":[{"ltp":1.61,"id":9628840},{"ltp":2.62,"id":6079501}]}]}
{"op":"mcm","clk":"7786372454","pt":1540872245805,"mc":[{"id":"1.150392449","rc":[{"ltp":1.6,"id":9628840}]}]}
{"op":"mcm","clk":"7786374362","pt":1540872329656,"mc":[{"id":"1.150392449","rc":[{"ltp":2.66,"id":6079501}]}]}
{"op":"mcm","clk":"7786394329","pt":1540872665390,"mc":[{"id":"1.150392449","rc":[{"ltp":1.61,"id":9628840},{"ltp":2.62,"id":6079501}]}]}
{"op":"mcm","clk":"7786395692","pt":1540872725612,"mc":[{"id":"1.150392449","rc":[{"ltp":1.64,"id":9628840},{"ltp":2.56,"id":6079501}]}]}
{"op":"mcm","clk":"7786396583","pt":1540872771798,"mc":[{"id":"1.150392449","rc":[{"ltp":2.54,"id":6079501}]}]}
{"op":"mcm","clk":"7786397932","pt":1540872829302,"mc":[{"id":"1.150392449","rc":[{"ltp":1.62,"id":9628840}]}]}
{"op":"mcm","clk":"7786400298","pt":1540872905202,"mc":[{"id":"1.150392449","rc":[{"ltp":2.6,"id":6079501}]}]}
{"op":"mcm","clk":"7786402569","pt":1540872963901,"mc":[{"id":"1.150392449","rc":[{"ltp":2.58,"id":6079501}]}]}
{"op":"mcm","clk":"7786409335","pt":1540873145866,"mc":[{"id":"1.150392449","rc":[{"ltp":1.63,"id":9628840}]}]}
{"op":"mcm","clk":"7786509472","pt":1540875365261,"mc":[{"id":"1.150392449","rc":[{"ltp":1.6,"id":9628840},{"ltp":2.6,"id":6079501}]}]}
{"op":"mcm","clk":"7786511753","pt":1540875425864,"mc":[{"id":"1.150392449","rc":[{"ltp":1.58,"id":9628840}]}]}
{"op":"mcm","clk":"7786515327","pt":1540875537904,"mc":[{"id":"1.150392449","rc":[{"ltp":1.62,"id":9628840}]}]}
{"op":"mcm","clk":"7786517512","pt":1540875600561,"mc":[{"id":"1.150392449","rc":[{"ltp":1.6,"id":9628840}]}]}
{"op":"mcm","clk":"7786518772","pt":1540875638909,"mc":[{"id":"1.150392449","rc":[{"ltp":2.66,"id":6079501}]}]}
{"op":"mcm","clk":"7786524578","pt":1540875845752,"mc":[{"id":"1.150392449","rc":[{"ltp":2.72,"id":6079501}]}]}
{"op":"mcm","clk":"7786525910","pt":1540875895843,"mc":[{"id":"1.150392449","rc":[{"ltp":2.66,"id":6079501}]}]}
{"op":"mcm","clk":"7786540738","pt":1540876025811,"mc":[{"id":"1.150392449","rc":[{"ltp":1.58,"id":9628840},{"ltp":2.72,"id":6079501}]}]}
{"op":"mcm","clk":"7786544399","pt":1540876137977,"mc":[{"id":"1.150392449","rc":[{"ltp":2.74,"id":6079501}]}]}
{"op":"mcm","clk":"7786551477","pt":1540876318770,"mc":[{"id":"1.150392449","rc":[{"ltp":1.56,"id":9628840},{"ltp":2.78,"id":6079501}]}]}
{"op":"mcm","clk":"7786553833","pt":1540876384075,"mc":[{"id":"1.150392449","rc":[{"ltp":1.55,"id":9628840}]}]}
{"op":"mcm","clk":"7786561571","pt":1540876603080,"mc":[{"id":"1.150392449","rc":[{"ltp":1.56,"id":9628840}]}]}
{"op":"mcm","clk":"7786564471","pt":1540876679361,"mc":[{"id":"1.150392449","rc":[{"ltp":1.55,"id":9628840},{"ltp":2.82,"id":6079501}]}]}
{"op":"mcm","clk":"7786566595","pt":1540876739374,"mc":[{"id":"1.150392449","rc":[{"ltp":1.56,"id":9628840}]}]}
{"op":"mcm","clk":"7786573540","pt":1540876922490,"mc":[{"id":"1.150392449","rc":[{"ltp":1.57,"id":9628840},{"ltp":2.78,"id":6079501}]}]}
{"op":"mcm","clk":"7786595208","pt":1540877223743,"mc":[{"id":"1.150392449","rc":[{"ltp":2.76,"id":6079501}]}]}
{"op":"mcm","clk":"7786597146","pt":1540877284051,"mc":[{"id":"1.150392449","rc":[{"ltp":1.56,"id":9628840},{"ltp":2.78,"id":6079501}]}]}
{"op":"mcm","clk":"7786599244","pt":1540877343296,"mc":[{"id":"1.150392449","rc":[{"ltp":1.57,"id":9628840}]}]}
{"op":"mcm","clk":"7786606388","pt":1540877554500,"mc":[{"id":"1.150392449","rc":[{"ltp":1.55,"id":9628840}]}]}
{"op":"mcm","clk":"7786609191","pt":1540877639534,"mc":[{"id":"1.150392449","rc":[{"ltp":1.56,"id":9628840}]}]}
{"op":"mcm","clk":"7786635111","pt":1540878125821,"mc":[{"id":"1.150392449","rc":[{"ltp":1.58,"id":9628840},{"ltp":2.74,"id":6079501}]}]}
{"op":"mcm","clk":"7786637396","pt":1540878182197,"mc":[{"id":"1.150392449","rc":[{"ltp":1.56,"id":9628840},{"ltp":2.72,"id":6079501}]}]}
{"op":"mcm","clk":"7786641786","pt":1540878305806,"mc":[{"id":"1.150392449","rc":[{"ltp":1.55,"id":9628840}]}]}
{"op":"mcm","clk":"7786643149","pt":1540878344089,"mc":[{"id":"1.150392449","rc":[{"ltp":1.56,"id":9628840}]}]}
{"op":"mcm","clk":"7786645981","pt":1540878421001,"mc":[{"id":"1.150392449","rc":[{"ltp":1.55,"id":9628840}]}]}
{"op":"mcm","clk":"7786648296","pt":1540878485760,"mc":[{"id":"1.150392449","rc":[{"ltp":1.59,"id":9628840}]}]}
{"op":"mcm","clk":"7786653890","pt":1540878665877,"mc":[{"id":"1.150392449","rc":[{"ltp":1.58,"id":9628840}]}]}
{"op":"mcm","clk":"7786655734","pt":1540878715952,"mc":[{"id":"1.150392449","rc":[{"ltp":1.57,"id":9628840},{"ltp":2.76,"id":6079501}]}]}
{"op":"mcm","clk":"7786669061","pt":1540878785941,"mc":[{"id":"1.150392449","rc":[{"ltp":1.58,"id":9628840}]}]}
{"op":"mcm","clk":"7786670890","pt":1540878845491,"mc":[{"id":"1.150392449","rc":[{"ltp":1.6,"id":9628840},{"ltp":2.64,"id":6079501}]}]}
{"op":"mcm","clk":"7786672888","pt":1540878905937,"mc":[{"id":"1.150392449","rc":[{"ltp":1.62,"id":9628840},{"ltp":2.6,"id":6079501}]}]}
{"op":"mcm","clk":"7786675015","pt":1540878962955,"mc":[{"id":"1.150392449","rc":[{"ltp":2.56,"id":6079501}]}]}
{"op":"mcm","clk":"7786680392","pt":1540879083063,"mc":[{"id":"1.150392449","rc":[{"ltp":1.6,"id":9628840}]}]}
{"op":"mcm","clk":"7786682945","pt":1540879145830,"mc":[{"id":"1.150392449","marketDefinition":{"bspMarket":false,"turnInPlayEnabled":true,"persistenceEnabled":true,"marketBaseRate":5.0,"eventId":"28982509","eventTypeId":"2","numberOfWinners":1,"bettingType":"ODDS","marketType":"MATCH_ODDS","marketTime":"2018-10-30T06:15:00.000Z","suspendTime":"2018-10-30T06:15:00.000Z","bspReconciled":false,"complete":true,"inPlay":false,"crossMatching":true,"runnersVoidable":false,"numberOfActiveRunners":2,"betDelay":0,"status":"OPEN","runners":[{"status":"ACTIVE","sortPriority":1,"id":9628840,"name":"Aryna Sabalenka"},{"status":"ACTIVE","sortPriority":2,"id":6079501,"name":"Ashleigh Barty"}],"regulators":["MR_INT"],"countryCode":"CN","discountAllowed":true,"timezone":"UTC","openDate":"2018-10-30T06:15:00.000Z","version":2485461063,"name":"Match Odds","eventName":"Sabalenka v Barty"},"rc":[{"ltp":1.64,"id":9628840},{"ltp":2.52,"id":6079501}]}]}
{"op":"mcm","clk":"7786685398","pt":1540879205430,"mc":[{"id":"1.150392449","rc":[{"ltp":2.58,"id":6079501}]}]}
{"op":"mcm","clk":"7786687445","pt":1540879248094,"mc":[{"id":"1.150392449","rc":[{"ltp":2.56,"id":6079501}]}]}
{"op":"mcm","clk":"7786690646","pt":1540879324522,"mc":[{"id":"1.150392449","rc":[{"ltp":1.62,"id":9628840}]}]}
{"op":"mcm","clk":"7786693553","pt":1540879385598,"mc":[{"id":"1.150392449","rc":[{"ltp":1.64,"id":9628840}]}]}
{"op":"mcm","clk":"7786696905","pt":1540879505089,"mc":[{"id":"1.150392449","rc":[{"ltp":1.61,"id":9628840}]}]}
{"op":"mcm","clk":"7786701520","pt":1540879620516,"mc":[{"id":"1.150392449","rc":[{"ltp":2.62,"id":6079501}]}]}
{"op":"mcm","clk":"7786714545","pt":1540879682812,"mc":[{"id":"1.150392449","rc":[{"ltp":1.6,"id":9628840},{"ltp":2.6,"id":6079501}]}]}
{"op":"mcm","clk":"7786716494","pt":1540879745675,"mc":[{"id":"1.150392449","rc":[{"ltp":1.61,"id":9628840}]}]}
{"op":"mcm","clk":"7786718251","pt":1540879803300,"mc":[{"id":"1.150392449","rc":[{"ltp":1.62,"id":9628840},{"ltp":2.62,"id":6079501}]}]}
{"op":"mcm","clk":"7786720170","pt":1540879863816,"mc":[{"id":"1.150392449","rc":[{"ltp":1.6,"id":9628840}]}]}
{"op":"mcm","clk":"7786724424","pt":1540880041903,"mc":[{"id":"1.150392449","marketDefinition":{"bspMarket":false,"turnInPlayEnabled":true,"persistenceEnabled":true,"marketBaseRate":5.0,"eventId":"28982509","eventTypeId":"2","numberOfWinners":1,"bettingType":"ODDS","marketType":"MATCH_ODDS","marketTime":"2018-10-30T06:30:00.000Z","suspendTime":"2018-10-30T06:30:00.000Z","bspReconciled":false,"complete":true,"inPlay":false,"crossMatching":true,"runnersVoidable":false,"numberOfActiveRunners":2,"betDelay":0,"status":"OPEN","runners":[{"status":"ACTIVE","sortPriority":1,"id":9628840,"name":"Aryna Sabalenka"},{"status":"ACTIVE","sortPriority":2,"id":6079501,"name":"Ashleigh Barty"}],"regulators":["MR_INT"],"countryCode":"CN","discountAllowed":true,"timezone":"UTC","openDate":"2018-10-30T06:30:00.000Z","version":2485463643,"name":"Match Odds","eventName":"Sabalenka v Barty"}}]}
{"op":"mcm","clk":"7786727547","pt":1540880164449,"mc":[{"id":"1.150392449","rc":[{"ltp":1.62,"id":9628840}]}]}
{"op":"mcm","clk":"7786732203","pt":1540880336437,"mc":[{"id":"1.150392449","rc":[{"ltp":1.61,"id":9628840}]}]}
{"op":"mcm","clk":"7786733421","pt":1540880366885,"mc":[{"id":"1.150392449","rc":[{"ltp":1.6,"id":9628840}]}]}
{"op":"mcm","clk":"7786735804","pt":1540880465667,"mc":[{"id":"1.150392449","rc":[{"ltp":2.64,"id":6079501}]}]}
{"op":"mcm","clk":"7786748454","pt":1540880525912,"mc":[{"id":"1.150392449","rc":[{"ltp":1.62,"id":9628840}]}]}
{"op":"mcm","clk":"7786750097","pt":1540880581580,"mc":[{"id":"1.150392449","rc":[{"ltp":1.6,"id":9628840}]}]}
{"op":"mcm","clk":"7786751803","pt":1540880640797,"mc":[{"id":"1.150392449","rc":[{"ltp":1.62,"id":9628840},{"ltp":2.6,"id":6079501}]}]}
{"op":"mcm","clk":"7786756826","pt":1540880822640,"mc":[{"id":"1.150392449","rc":[{"ltp":1.6,"id":9628840}]}]}
{"op":"mcm","clk":"7786758392","pt":1540880884475,"mc":[{"id":"1.150392449","rc":[{"ltp":1.63,"id":9628840}]}]}
{"op":"mcm","clk":"7786759998","pt":1540880945390,"mc":[{"id":"1.150392449","marketDefinition":{"bspMarket":false,"turnInPlayEnabled":true,"persistenceEnabled":true,"marketBaseRate":5.0,"eventId":"28982509","eventTypeId":"2","numberOfWinners":1,"bettingType":"ODDS","marketType":"MATCH_ODDS","marketTime":"2018-10-30T06:45:00.000Z","suspendTime":"2018-10-30T06:45:00.000Z","bspReconciled":false,"complete":true,"inPlay":false,"crossMatching":true,"runnersVoidable":false,"numberOfActiveRunners":2,"betDelay":0,"status":"OPEN","runners":[{"status":"ACTIVE","sortPriority":1,"id":9628840,"name":"Aryna Sabalenka"},{"status":"ACTIVE","sortPriority":2,"id":6079501,"name":"Ashleigh Barty"}],"regulators":["MR_INT"],"countryCode":"CN","discountAllowed":true,"timezone":"UTC","openDate":"2018-10-30T06:45:00.000Z","version":2485466222,"name":"Match Odds","eventName":"Sabalenka v Barty"},"rc":[{"ltp":1.61,"id":9628840}]}]}
{"op":"mcm","clk":"7786761547","pt":1540881005588,"mc":[{"id":"1.150392449","rc":[{"ltp":1.62,"id":9628840}]}]}
{"op":"mcm","clk":"7786766594","pt":1540881185848,"mc":[{"id":"1.150392449","rc":[{"ltp":1.6,"id":9628840}]}]}
{"op":"mcm","clk":"7786768246","pt":1540881245818,"mc":[{"id":"1.150392449","rc":[{"ltp":2.64,"id":6079501}]}]}
{"op":"mcm","clk":"7786786510","pt":1540881543857,"mc":[{"id":"1.150392449","rc":[{"ltp":2.66,"id":6079501}]}]}
{"op":"mcm","clk":"7786787888","pt":1540881605090,"mc":[{"id":"1.150392449","rc":[{"ltp":1.58,"id":9628840}]}]}
{"op":"mcm","clk":"7786789286","pt":1540881664229,"mc":[{"id":"1.150392449","rc":[{"ltp":1.6,"id":9628840}]}]}
{"op":"mcm","clk":"7786790401","pt":1540881722666,"mc":[{"id":"1.150392449","rc":[{"ltp":2.72,"id":6079501}]}]}
{"op":"mcm","clk":"7786793169","pt":1540881828908,"mc":[{"id":"1.150392449","marketDefinition":{"bspMarket":false,"turnInPlayEnabled":true,"persistenceEnabled":true,"marketBaseRate":5.0,"eventId":"28982509","eventTypeId":"2","numberOfWinners":1,"bettingType":"ODDS","marketType":"MATCH_ODDS","marketTime":"2018-10-30T07:00:00.000Z","suspendTime":"2018-10-30T07:00:00.000Z","bspReconciled":false,"complete":true,"inPlay":false,"crossMatching":true,"runnersVoidable":false,"numberOfActiveRunners":2,"betDelay":0,"status":"OPEN","runners":[{"status":"ACTIVE","sortPriority":1,"id":9628840,"name":"Aryna Sabalenka"},{"status":"ACTIVE","sortPriority":2,"id":6079501,"name":"Ashleigh Barty"}],"regulators":["MR_INT"],"countryCode":"CN","discountAllowed":true,"timezone":"UTC","openDate":"2018-10-30T07:00:00.000Z","version":2485467844,"name":"Match Odds","eventName":"Sabalenka v Barty"},"rc":[{"ltp":1.57,"id":9628840}]}]}
{"op":"mcm","clk":"7786795014","pt":1540881899671,"mc":[{"id":"1.150392449","rc":[{"ltp":1.6,"id":9628840},{"ltp":2.66,"id":6079501}]}]}
{"op":"mcm","clk":"7786796564","pt":1540881965065,"mc":[{"id":"1.150392449","rc":[{"ltp":1.58,"id":9628840}]}]}
{"op":"mcm","clk":"7786798084","pt":1540882021200,"mc":[{"id":"1.150392449","rc":[{"ltp":1.6,"id":9628840}]}]}
{"op":"mcm","clk":"7786800933","pt":1540882144326,"mc":[{"id":"1.150392449","rc":[{"ltp":1.58,"id":9628840}]}]}
{"op":"mcm","clk":"7786802672","pt":1540882204599,"mc":[{"id":"1.150392449","rc":[{"ltp":1.6,"id":9628840}]}]}
{"op":"mcm","clk":"7786805753","pt":1540882323505,"mc":[{"id":"1.150392449","rc":[{"ltp":2.6,"id":6079501}]}]}
{"op":"mcm","clk":"7786818307","pt":1540882380743,"mc":[{"id":"1.150392449","rc":[{"ltp":1.62,"id":9628840}]}]}
{"op":"mcm","clk":"7786820169","pt":1540882442957,"mc":[{"id":"1.150392449","marketDefinition":{"bspMarket":false,"turnInPlayEnabled":true,"persistenceEnabled":true,"marketBaseRate":5.0,"eventId":"28982509","eventTypeId":"2","numberOfWinners":1,"bettingType":"ODDS","marketType":"MATCH_ODDS","marketTime":"2018-10-30T06:49:00.000Z","suspendTime":"2018-10-30T06:49:00.000Z","bspReconciled":false,"complete":true,"inPlay":false,"crossMatching":true,"runnersVoidable":false,"numberOfActiveRunners":2,"betDelay":0,"status":"OPEN","runners":[{"status":"ACTIVE","sortPriority":1,"id":9628840,"name":"Aryna Sabalenka"},{"status":"ACTIVE","sortPriority":2,"id":6079501,"name":"Ashleigh Barty"}],"regulators":["MR_INT"],"countryCode":"CN","discountAllowed":true,"timezone":"UTC","openDate":"2018-10-30T06:49:00.000Z","version":2485468930,"name":"Match Odds","eventName":"Sabalenka v Barty"},"rc":[{"ltp":1.6,"id":9628840}]}]}
{"op":"mcm","clk":"7786821587","pt":1540882504806,"mc":[{"id":"1.150392449","rc":[{"ltp":1.63,"id":9628840},{"ltp":2.58,"id":6079501}]}]}
{"op":"mcm","clk":"7786822908","pt":1540882563782,"mc":[{"id":"1.150392449","rc":[{"ltp":1.62,"id":9628840},{"ltp":2.6,"id":6079501}]}]}
{"op":"mcm","clk":"7786827146","pt":1540882681522,"mc":[{"id":"1.150392449","rc":[{"ltp":1.6,"id":9628840}]}]}
{"op":"mcm","clk":"7786828846","pt":1540882744703,"mc":[{"id":"1.150392449","rc":[{"ltp":1.61,"id":9628840}]}]}
{"op":"mcm","clk":"7786830760","pt":1540882796949,"mc":[{"id":"1.150392449","rc":[{"ltp":1.62,"id":9628840}]}]}
{"op":"mcm","clk":"7786833212","pt":1540882859618,"mc":[{"id":"1.150392449","rc":[{"ltp":1.6,"id":9628840}]}]}
{"op":"mcm","clk":"7786835416","pt":1540882924532,"mc":[{"id":"1.150392449","rc":[{"ltp":1.62,"id":9628840},{"ltp":2.62,"id":6079501}]}]}
{"op":"mcm","clk":"7786837297","pt":1540882982130,"mc":[{"id":"1.150392449","marketDefinition":{"bspMarket":false,"turnInPlayEnabled":true,"persistenceEnabled":true,"marketBaseRate":5.0,"eventId":"28982509","eventTypeId":"2","numberOfWinners":1,"bettingType":"ODDS","marketType":"MATCH_ODDS","marketTime":"2018-10-30T06:49:00.000Z","suspendTime":"2018-10-30T06:49:00.000Z","bspReconciled":false,"complete":true,"inPlay":true,"crossMatching":true,"runnersVoidable":false,"numberOfActiveRunners":2,"betDelay":5,"status":"OPEN","runners":[{"status":"ACTIVE","sortPriority":1,"id":9628840,"name":"Aryna Sabalenka"},{"status":"ACTIVE","sortPriority":2,"id":6079501,"name":"Ashleigh Barty"}],"regulators":["MR_INT"],"countryCode":"CN","discountAllowed":true,"timezone":"UTC","openDate":"2018-10-30T06:49:00.000Z","version":2485472962,"name":"Match Odds","eventName":"Sabalenka v Barty"},"rc":[{"ltp":1.61,"id":9628840},{"ltp":2.54,"id":6079501}]}]}
{"op":"mcm","clk":"7786839255","pt":1540883045943,"mc":[{"id":"1.150392449","rc":[{"ltp":1.51,"id":9628840},{"ltp":2.9,"id":6079501}]}]}
{"op":"mcm","clk":"7786841056","pt":1540883105764,"mc":[{"id":"1.150392449","rc":[{"ltp":1.47,"id":9628840},{"ltp":3.1,"id":6079501}]}]}
{"op":"mcm","clk":"7786842792","pt":1540883165816,"mc":[{"id":"1.150392449","rc":[{"ltp":1.48,"id":9628840},{"ltp":3.0,"id":6079501}]}]}
{"op":"mcm","clk":"7786855820","pt":1540883225905,"mc":[{"id":"1.150392449","rc":[{"ltp":1.4,"id":9628840},{"ltp":3.4,"id":6079501}]}]}
{"op":"mcm","clk":"7786857479","pt":1540883285914,"mc":[{"id":"1.150392449","rc":[{"ltp":1.41,"id":9628840},{"ltp":3.45,"id":6079501}]}]}
{"op":"mcm","clk":"7786858897","pt":1540883345181,"mc":[{"id":"1.150392449","rc":[{"ltp":1.36,"id":9628840},{"ltp":3.7,"id":6079501}]}]}
{"op":"mcm","clk":"7786860500","pt":1540883405494,"mc":[{"id":"1.150392449","rc":[{"ltp":1.35,"id":9628840},{"ltp":3.75,"id":6079501}]}]}
{"op":"mcm","clk":"7786862047","pt":1540883465363,"mc":[{"id":"1.150392449","rc":[{"ltp":3.8,"id":6079501}]}]}
{"op":"mcm","clk":"7786863716","pt":1540883525958,"mc":[{"id":"1.150392449","rc":[{"ltp":1.34,"id":9628840},{"ltp":3.85,"id":6079501}]}]}
{"op":"mcm","clk":"7786865593","pt":1540883585199,"mc":[{"id":"1.150392449","rc":[{"ltp":1.38,"id":9628840},{"ltp":3.55,"id":6079501}]}]}
{"op":"mcm","clk":"7786867329","pt":1540883645955,"mc":[{"id":"1.150392449","rc":[{"ltp":1.39,"id":9628840},{"ltp":3.6,"id":6079501}]}]}
{"op":"mcm","clk":"7786870424","pt":1540883765503,"mc":[{"id":"1.150392449","rc":[{"ltp":1.32,"id":9628840},{"ltp":3.75,"id":6079501}]}]}
{"op":"mcm","clk":"7786871925","pt":1540883824921,"mc":[{"id":"1.150392449","rc":[{"ltp":1.35,"id":9628840},{"ltp":3.95,"id":6079501}]}]}
{"op":"mcm","clk":"7786873525","pt":1540883884742,"mc":[{"id":"1.150392449","rc":[{"ltp":1.4,"id":9628840},{"ltp":3.4,"id":6079501}]}]}
{"op":"mcm","clk":"7786875359","pt":1540883945622,"mc":[{"id":"1.150392449","rc":[{"ltp":1.41,"id":9628840},{"ltp":3.0,"id":6079501}]}]}
{"op":"mcm","clk":"7786876887","pt":1540884005909,"mc":[{"id":"1.150392449","rc":[{"ltp":1.33,"id":9628840},{"ltp":4.0,"id":6079501}]}]}
{"op":"mcm","clk":"7786878797","pt":1540884065898,"mc":[{"id":"1.150392449","rc":[{"ltp":1.37,"id":9628840},{"ltp":3.75,"id":6079501}]}]}
{"op":"mcm","clk":"7786891632","pt":1540884125973,"mc":[{"id":"1.150392449","rc":[{"ltp":1.38,"id":9628840},{"ltp":3.6,"id":6079501}]}]}
{"op":"mcm","clk":"7786893097","pt":1540884185709,"mc":[{"id":"1.150392449","rc":[{"ltp":1.39,"id":9628840},{"ltp":3.55,"id":6079501}]}]}
{"op":"mcm","clk":"7786895287","pt":1540884245961,"mc":[{"id":"1.150392449","rc":[{"ltp":3.5,"id":6079501}]}]}
{"op":"mcm","clk":"7786896976","pt":1540884305381,"mc":[{"id":"1.150392449","rc":[{"ltp":1.33,"id":9628840}]}]}
{"op":"mcm","clk":"7786898706","pt":1540884365815,"mc":[{"id":"1.150392449","rc":[{"ltp":1.32,"id":9628840},{"ltp":4.2,"id":6079501}]}]}
{"op":"mcm","clk":"7786900357","pt":1540884424765,"mc":[{"id":"1.150392449","rc":[{"ltp":1.34,"id":9628840},{"ltp":3.85,"id":6079501}]}]}
{"op":"mcm","clk":"7786902212","pt":1540884485743,"mc":[{"id":"1.150392449","rc":[{"ltp":1.38,"id":9628840},{"ltp":3.6,"id":6079501}]}]}
{"op":"mcm","clk":"7786903597","pt":1540884545619,"mc":[{"id":"1.150392449","rc":[{"ltp":1.41,"id":9628840},{"ltp":3.55,"id":6079501}]}]}
{"op":"mcm","clk":"7786905680","pt":1540884605795,"mc":[{"id":"1.150392449","rc":[{"ltp":1.35,"id":9628840},{"ltp":3.75,"id":6079501}]}]}
{"op":"mcm","clk":"7786907795","pt":1540884665151,"mc":[{"id":"1.150392449","rc":[{"ltp":1.36,"id":9628840}]}]}
{"op":"mcm","clk":"7786909641","pt":1540884725942,"mc":[{"id":"1.150392449","rc":[{"ltp":1.31,"id":9628840},{"ltp":4.3,"id":6079501}]}]}
{"op":"mcm","clk":"7786911336","pt":1540884784509,"mc":[{"id":"1.150392449","rc":[{"ltp":1.3,"id":9628840},{"ltp":4.2,"id":6079501}]}]}
{"op":"mcm","clk":"7786913227","pt":1540884845953,"mc":[{"id":"1.150392449","rc":[{"ltp":1.29,"id":9628840},{"ltp":4.4,"id":6079501}]}]}
{"op":"mcm","clk":"7786914657","pt":1540884905931,"mc":[{"id":"1.150392449","rc":[{"ltp":1.33,"id":9628840},{"ltp":4.0,"id":6079501}]}]}
{"op":"mcm","clk":"7786916099","pt":1540884965302,"mc":[{"id":"1.150392449","rc":[{"ltp":3.9,"id":6079501}]}]}
{"op":"mcm","clk":"7786928537","pt":1540885025933,"mc":[{"id":"1.150392449","rc":[{"ltp":4.0,"id":6079501}]}]}
{"op":"mcm","clk":"7786930121","pt":1540885085460,"mc":[{"id":"1.150392449","rc":[{"ltp":1.25,"id":9628840},{"ltp":5.1,"id":6079501}]}]}
{"op":"mcm","clk":"7786931664","pt":1540885145885,"mc":[{"id":"1.150392449","rc":[{"ltp":1.23,"id":9628840},{"ltp":5.5,"id":6079501}]}]}
{"op":"mcm","clk":"7786933051","pt":1540885205764,"mc":[{"id":"1.150392449","rc":[{"ltp":5.3,"id":6079501}]}]}
{"op":"mcm","clk":"7786934658","pt":1540885264093,"mc":[{"id":"1.150392449","rc":[{"ltp":1.24,"id":9628840},{"ltp":5.0,"id":6079501}]}]}
{"op":"mcm","clk":"7786936642","pt":1540885325942,"mc":[{"id":"1.150392449","rc":[{"ltp":1.28,"id":9628840},{"ltp":4.5,"id":6079501}]}]}
{"op":"mcm","clk":"7786938516","pt":1540885385649,"mc":[{"id":"1.150392449","rc":[{"ltp":1.25,"id":9628840},{"ltp":4.7,"id":6079501}]}]}
{"op":"mcm","clk":"7786940192","pt":1540885445759,"mc":[{"id":"1.150392449","rc":[{"ltp":1.35,"id":9628840},{"ltp":3.85,"id":6079501}]}]}
{"op":"mcm","clk":"7786941931","pt":1540885505572,"mc":[{"id":"1.150392449","rc":[{"ltp":1.32,"id":9628840},{"ltp":4.1,"id":6079501}]}]}
{"op":"mcm","clk":"7786943795","pt":1540885565871,"mc":[{"id":"1.150392449","rc":[{"ltp":4.2,"id":6079501}]}]}
{"op":"mcm","clk":"7786945345","pt":1540885625657,"mc":[{"id":"1.150392449","rc":[{"ltp":1.27,"id":9628840},{"ltp":4.7,"id":6079501}]}]}
{"op":"mcm","clk":"7786946936","pt":1540885685952,"mc":[{"id":"1.150392449","rc":[{"ltp":4.6,"id":6079501}]}]}
{"op":"mcm","clk":"7786948608","pt":1540885745941,"mc":[{"id":"1.150392449","rc":[{"ltp":1.26,"id":9628840},{"ltp":4.8,"id":6079501}]}]}
{"op":"mcm","clk":"7786950611","pt":1540885805820,"mc":[{"id":"1.150392449","rc":[{"ltp":1.22,"id":9628840},{"ltp":5.1,"id":6079501}]}]}
{"op":"mcm","clk":"7786953001","pt":1540885865923,"mc":[{"id":"1.150392449","rc":[{"ltp":1.31,"id":9628840},{"ltp":4.2,"id":6079501}]}]}
{"op":"mcm","clk":"7786966438","pt":1540885925852,"mc":[{"id":"1.150392449","rc":[{"ltp":1.28,"id":9628840},{"ltp":4.5,"id":6079501}]}]}
{"op":"mcm","clk":"7786968382","pt":1540885983909,"mc":[{"id":"1.150392449","rc":[{"ltp":1.32,"id":9628840},{"ltp":4.0,"id":6079501}]}]}
{"op":"mcm","clk":"7786970602","pt":1540886045828,"mc":[{"id":"1.150392449","rc":[{"ltp":1.35,"id":9628840},{"ltp":4.2,"id":6079501}]}]}
{"op":"mcm","clk":"7786972760","pt":1540886105792,"mc":[{"id":"1.150392449","rc":[{"ltp":1.27,"id":9628840},{"ltp":4.7,"id":6079501}]}]}
{"op":"mcm","clk":"7786974956","pt":1540886165974,"mc":[{"id":"1.150392449","rc":[{"ltp":1.35,"id":9628840},{"ltp":3.85,"id":6079501}]}]}
{"op":"mcm","clk":"7786977359","pt":1540886225773,"mc":[{"id":"1.150392449","rc":[{"ltp":1.34,"id":9628840}]}]}
{"op":"mcm","clk":"7786979741","pt":1540886285874,"mc":[{"id":"1.150392449","rc":[{"ltp":1.35,"id":9628840}]}]}
{"op":"mcm","clk":"7786981980","pt":1540886345889,"mc":[{"id":"1.150392449","rc":[{"ltp":1.44,"id":9628840},{"ltp":3.35,"id":6079501}]}]}
{"op":"mcm","clk":"7786984156","pt":1540886405782,"mc":[{"id":"1.150392449","rc":[{"ltp":1.59,"id":9628840},{"ltp":2.66,"id":6079501}]}]}
{"op":"mcm","clk":"7786986207","pt":1540886465792,"mc":[{"id":"1.150392449","rc":[{"ltp":1.65,"id":9628840},{"ltp":2.56,"id":6079501}]}]}
{"op":"mcm","clk":"7786988300","pt":1540886525967,"mc":[{"id":"1.150392449","rc":[{"ltp":1.55,"id":9628840},{"ltp":2.78,"id":6079501}]}]}
{"op":"mcm","clk":"7786990412","pt":1540886585773,"mc":[{"id":"1.150392449","rc":[{"ltp":1.48,"id":9628840},{"ltp":3.05,"id":6079501}]}]}
{"op":"mcm","clk":"7786992564","pt":1540886645722,"mc":[{"id":"1.150392449","rc":[{"ltp":1.34,"id":9628840},{"ltp":3.85,"id":6079501}]}]}
{"op":"mcm","clk":"7786994595","pt":1540886705560,"mc":[{"id":"1.150392449","rc":[{"ltp":3.9,"id":6079501}]}]}
{"op":"mcm","clk":"7786996362","pt":1540886765343,"mc":[{"id":"1.150392449","rc":[{"ltp":1.35,"id":9628840},{"ltp":3.85,"id":6079501}]}]}
{"op":"mcm","clk":"7787009567","pt":1540886825899,"mc":[{"id":"1.150392449","rc":[{"ltp":1.43,"id":9628840},{"ltp":3.4,"id":6079501}]}]}
{"op":"mcm","clk":"7787011487","pt":1540886885909,"mc":[{"id":"1.150392449","rc":[{"ltp":1.31,"id":9628840},{"ltp":4.3,"id":6079501}]}]}
{"op":"mcm","clk":"7787013332","pt":1540886945798,"mc":[{"id":"1.150392449","rc":[{"ltp":1.37,"id":9628840},{"ltp":3.7,"id":6079501}]}]}
{"op":"mcm","clk":"7787015200","pt":1540887005723,"mc":[{"id":"1.150392449","rc":[{"ltp":1.47,"id":9628840},{"ltp":3.15,"id":6079501}]}]}
{"op":"mcm","clk":"7787017166","pt":1540887065940,"mc":[{"id":"1.150392449","rc":[{"ltp":1.33,"id":9628840},{"ltp":3.6,"id":6079501}]}]}
{"op":"mcm","clk":"7787019471","pt":1540887124851,"mc":[{"id":"1.150392449","rc":[{"ltp":1.39,"id":9628840},{"ltp":3.55,"id":6079501}]}]}
{"op":"mcm","clk":"7787022088","pt":1540887185879,"mc":[{"id":"1.150392449","rc":[{"ltp":1.27,"id":9628840},{"ltp":4.7,"id":6079501}]}]}
{"op":"mcm","clk":"7787024604","pt":1540887245566,"mc":[{"id":"1.150392449","rc":[{"ltp":1.21,"id":9628840},{"ltp":5.5,"id":6079501}]}]}
{"op":"mcm","clk":"7787027017","pt":1540887305840,"mc":[{"id":"1.150392449","rc":[{"ltp":1.18,"id":9628840},{"ltp":6.4,"id":6079501}]}]}
{"op":"mcm","clk":"7787029371","pt":1540887365697,"mc":[{"id":"1.150392449","rc":[{"ltp":1.09,"id":9628840},{"ltp":12.5,"id":6079501}]}]}
{"op":"mcm","clk":"7787032210","pt":1540887425634,"mc":[{"id":"1.150392449","rc":[{"ltp":1.08,"id":9628840},{"ltp":13.5,"id":6079501}]}]}
{"op":"mcm","clk":"7787035104","pt":1540887485818,"mc":[{"id":"1.150392449","rc":[{"ltp":1.07,"id":9628840},{"ltp":12.5,"id":6079501}]}]}
{"op":"mcm","clk":"7787037186","pt":1540887545959,"mc":[{"id":"1.150392449","rc":[{"ltp":1.05,"id":9628840},{"ltp":22.0,"id":6079501}]}]}
{"op":"mcm","clk":"7787041307","pt":1540887665377,"mc":[{"id":"1.150392449","rc":[{"ltp":17.5,"id":6079501}]}]}
{"op":"mcm","clk":"7787054923","pt":1540887725868,"mc":[{"id":"1.150392449","rc":[{"ltp":1.04,"id":9628840},{"ltp":22.0,"id":6079501}]}]}
{"op":"mcm","clk":"7787057124","pt":1540887785338,"mc":[{"id":"1.150392449","rc":[{"ltp":1.05,"id":9628840},{"ltp":18.0,"id":6079501}]}]}
{"op":"mcm","clk":"7787058988","pt":1540887845504,"mc":[{"id":"1.150392449","rc":[{"ltp":1.08,"id":9628840},{"ltp":21.0,"id":6079501}]}]}
{"op":"mcm","clk":"7787061053","pt":1540887905837,"mc":[{"id":"1.150392449","rc":[{"ltp":1.04,"id":9628840},{"ltp":26.0,"id":6079501}]}]}
{"op":"mcm","clk":"7787063205","pt":1540887965889,"mc":[{"id":"1.150392449","rc":[{"ltp":1.03,"id":9628840},{"ltp":34.0,"id":6079501}]}]}
{"op":"mcm","clk":"7787065381","pt":1540888025905,"mc":[{"id":"1.150392449","rc":[{"ltp":1.06,"id":9628840},{"ltp":15.0,"id":6079501}]}]}
{"op":"mcm","clk":"7787066981","pt":1540888071208,"mc":[{"id":"1.150392449","marketDefinition":{"bspMarket":false,"turnInPlayEnabled":true,"persistenceEnabled":true,"marketBaseRate":5.0,"eventId":"28982509","eventTypeId":"2","numberOfWinners":1,"bettingType":"ODDS","marketType":"MATCH_ODDS","marketTime":"2018-10-30T06:49:00.000Z","suspendTime":"2018-10-30T06:49:00.000Z","bspReconciled":false,"complete":true,"inPlay":true,"crossMatching":true,"runnersVoidable":false,"numberOfActiveRunners":2,"betDelay":5,"status":"SUSPENDED","runners":[{"status":"ACTIVE","sortPriority":1,"id":9628840,"name":"Aryna Sabalenka"},{"status":"ACTIVE","sortPriority":2,"id":6079501,"name":"Ashleigh Barty"}],"regulators":["MR_INT"],"countryCode":"CN","discountAllowed":true,"timezone":"UTC","openDate":"2018-10-30T06:49:00.000Z","version":2485502437,"name":"Match Odds","eventName":"Sabalenka v Barty"},"rc":[{"ltp":1.02,"id":9628840},{"ltp":34.0,"id":6079501}]}]}
{"op":"mcm","clk":"7787069686","pt":1540888145047,"mc":[{"id":"1.150392449","marketDefinition":{"bspMarket":false,"turnInPlayEnabled":true,"persistenceEnabled":true,"marketBaseRate":5.0,"eventId":"28982509","eventTypeId":"2","numberOfWinners":1,"bettingType":"ODDS","marketType":"MATCH_ODDS","marketTime":"2018-10-30T06:49:00.000Z","suspendTime":"2018-10-30T06:49:00.000Z","bspReconciled":false,"complete":true,"inPlay":true,"crossMatching":false,"runnersVoidable":false,"numberOfActiveRunners":0,"betDelay":5,"status":"CLOSED","settledTime":"2018-10-30T08:28:24.000Z","runners":[{"status":"WINNER","sortPriority":1,"id":9628840,"name":"Aryna Sabalenka"},{"status":"LOSER","sortPriority":2,"id":6079501,"name":"Ashleigh Barty"}],"regulators":["MR_INT"],"countryCode":"CN","discountAllowed":true,"timezone":"UTC","openDate":"2018-10-30T06:49:00.000Z","version":2485503263,"name":"Match Odds","eventName":"Sabalenka v Barty"}}]}
