{"op":"mcm","clk":"7722825657","pt":1540226986319,"mc":[{"id":"1.150019011","marketDefinition":{"bspMarket":false,"turnInPlayEnabled":true,"persistenceEnabled":true,"marketBaseRate":5.0,"eventId":"28970602","eventTypeId":"2","numberOfWinners":1,"bettingType":"ODDS","marketType":"MATCH_ODDS","marketTime":"2018-10-24T13:30:00.000Z","suspendTime":"2018-10-24T13:30:00.000Z","bspReconciled":false,"complete":true,"inPlay":false,"crossMatching":true,"runnersVoidable":false,"numberOfActiveRunners":2,"betDelay":0,"status":"OPEN","runners":[{"status":"ACTIVE","sortPriority":1,"id":2923342,"name":"Sloane Stephens"},{"status":"ACTIVE","sortPriority":2,"id":5611697,"name":"Kiki Bertens"}],"regulators":["MR_INT"],"countryCode":"SG","discountAllowed":true,"timezone":"UTC","openDate":"2018-10-24T13:30:00.000Z","version":2470838324,"name":"Match Odds","eventName":"Stephens v Bertens"}}]}
{"op":"mcm","clk":"7723124341","pt":1540229342123,"mc":[{"id":"1.150019011","rc":[{"ltp":1.95,"id":5611697}]}]}
{"op":"mcm","clk":"7723652291","pt":1540233764689,"mc":[{"id":"1.150019011","rc":[{"ltp":1.74,"id":2923342}]}]}
{"op":"mcm","clk":"7723700785","pt":1540234245957,"mc":[{"id":"1.150019011","rc":[{"ltp":1.69,"id":2923342},{"ltp":2.46,"id":5611697}]}]}
{"op":"mcm","clk":"7723733492","pt":1540234486519,"mc":[{"id":"1.150019011","rc":[{"ltp":2.6,"id":5611697}]}]}
{"op":"mcm","clk":"7723852198","pt":1540235681613,"mc":[{"id":"1.150019011","rc":[{"ltp":1.87,"id":2923342},{"ltp":2.36,"id":5611697}]}]}
{"op":"mcm","clk":"7723864321","pt":1540235813767,"mc":[{"id":"1.150019011","rc":[{"ltp":1.94,"id":2923342}]}]}
{"op":"mcm","clk":"7723881978","pt":1540235996788,"mc":[{"id":"1.150019011","rc":[{"ltp":1.75,"id":2923342},{"ltp":2.28,"id":5611697}]}]}
{"op":"mcm","clk":"7723893959","pt":1540236116146,"mc":[{"id":"1.150019011","rc":[{"ltp":1.79,"id":2923342}]}]}
{"op":"mcm","clk":"7724284415","pt":1540240797306,"mc":[{"id":"1.150019011","rc":[{"ltp":1.74,"id":2923342}]}]}
{"op":"mcm","clk":"7724286599","pt":1540240854732,"mc":[{"id":"1.150019011","rc":[{"ltp":1.69,"id":2923342}]}]}
{"op":"mcm","clk":"7724297196","pt":1540241150008,"mc":[{"id":"1.150019011","rc":[{"ltp":1.67,"id":2923342},{"ltp":2.46,"id":5611697}]}]}
{"op":"mcm","clk":"7724326197","pt":1540241629161,"mc":[{"id":"1.150019011","rc":[{"ltp":1.69,"id":2923342}]}]}
{"op":"mcm","clk":"7725784708","pt":1540267542492,"mc":[{"id":"1.150019011","rc":[{"ltp":1.7,"id":2923342},{"ltp":2.42,"id":5611697}]}]}
{"op":"mcm","clk":"7726092952","pt":1540272948734,"mc":[{"id":"1.150019011","rc":[{"ltp":1.65,"id":2923342},{"ltp":2.52,"id":5611697}]}]}
{"op":"mcm","clk":"7726569439","pt":1540281334893,"mc":[{"id":"1.150019011","rc":[{"ltp":1.7,"id":2923342}]}]}
{"op":"mcm","clk":"7727550227","pt":1540293543294,"mc":[{"id":"1.150019011","rc":[{"ltp":1.69,"id":2923342}]}]}
{"op":"mcm","clk":"7727739970","pt":1540295997184,"mc":[{"id":"1.150019011","rc":[{"ltp":2.44,"id":5611697}]}]}
{"op":"mcm","clk":"7728155080","pt":1540302003584,"mc":[{"id":"1.150019011","rc":[{"ltp":1.7,"id":2923342}]}]}
{"op":"mcm","clk":"7728166910","pt":1540302229068,"mc":[{"id":"1.150019011","rc":[{"ltp":1.71,"id":2923342}]}]}
{"op":"mcm","clk":"7728593322","pt":1540308259553,"mc":[{"id":"1.150019011","rc":[{"ltp":1.69,"id":2923342}]}]}
{"op":"mcm","clk":"7728866995","pt":1540311713148,"mc":[{"id":"1.150019011","rc":[{"ltp":1.71,"id":2923342}]}]}
{"op":"mcm","clk":"7728883981","pt":1540311810018,"mc":[{"id":"1.150019011","rc":[{"ltp":1.7,"id":2923342}]}]}
{"op":"mcm","clk":"7728902219","pt":1540312123243,"mc":[{"id":"1.150019011","rc":[{"ltp":1.69,"id":2923342}]}]}
{"op":"mcm","clk":"7728910601","pt":1540312281520,"mc":[{"id":"1.150019011","rc":[{"ltp":1.71,"id":2923342}]}]}
{"op":"mcm","clk":"7728933634","pt":1540312614739,"mc":[{"id":"1.150019011","rc":[{"ltp":2.4,"id":5611697}]}]}
{"op":"mcm","clk":"7729300684","pt":1540317270492,"mc":[{"id":"1.150019011","rc":[{"ltp":1.72,"id":2923342}]}]}
{"op":"mcm","clk":"7729594432","pt":1540319905424,"mc":[{"id":"1.150019011","rc":[{"ltp":1.73,"id":2923342}]}]}
{"op":"mcm","clk":"7729867212","pt":1540321761847,"mc":[{"id":"1.150019011","rc":[{"ltp":1.76,"id":2923342},{"ltp":2.28,"id":5611697}]}]}
{"op":"mcm","clk":"7730384756","pt":1540325666961,"mc":[{"id":"1.150019011","rc":[{"ltp":1.73,"id":2923342}]}]}
{"op":"mcm","clk":"7730411295","pt":1540325903918,"mc":[{"id":"1.150019011","rc":[{"ltp":1.76,"id":2923342}]}]}
{"op":"mcm","clk":"7730449005","pt":1540326138025,"mc":[{"id":"1.150019011","rc":[{"ltp":2.38,"id":5611697}]}]}
{"op":"mcm","clk":"7730557831","pt":1540327222881,"mc":[{"id":"1.150019011","rc":[{"ltp":1.72,"id":2923342}]}]}
{"op":"mcm","clk":"7730668348","pt":1540329841731,"mc":[{"id":"1.150019011","rc":[{"ltp":2.4,"id":5611697}]}]}
{"op":"mcm","clk":"7730731753","pt":1540331719666,"mc":[{"id":"1.150019011","rc":[{"ltp":1.75,"id":2923342},{"ltp":2.3,"id":5611697}]}]}
{"op":"mcm","clk":"7730792303","pt":1540333359302,"mc":[{"id":"1.150019011","rc":[{"ltp":1.73,"id":2923342}]}]}
{"op":"mcm","clk":"7730914750","pt":1540336829946,"mc":[{"id":"1.150019011","rc":[{"ltp":1.74,"id":2923342},{"ltp":2.34,"id":5611697}]}]}
{"op":"mcm","clk":"7731056750","pt":1540339728753,"mc":[{"id":"1.150019011","rc":[{"ltp":1.73,"id":2923342},{"ltp":2.38,"id":5611697}]}]}
{"op":"mcm","clk":"7731452729","pt":1540348601996,"mc":[{"id":"1.150019011","rc":[{"ltp":1.72,"id":2923342}]}]}
{"op":"mcm","clk":"7731758441","pt":1540354960952,"mc":[{"id":"1.150019011","rc":[{"ltp":1.71,"id":2923342},{"ltp":2.4,"id":5611697}]}]}
{"op":"mcm","clk":"7731760011","pt":1540354998233,"mc":[{"id":"1.150019011","rc":[{"ltp":1.7,"id":2923342}]}]}
{"op":"mcm","clk":"7731802142","pt":1540355867722,"mc":[{"id":"1.150019011","rc":[{"ltp":1.69,"id":2923342}]}]}
{"op":"mcm","clk":"7731993104","pt":1540359537104,"mc":[{"id":"1.150019011","rc":[{"ltp":2.38,"id":5611697}]}]}
{"op":"mcm","clk":"7732037118","pt":1540360359806,"mc":[{"id":"1.150019011","rc":[{"ltp":1.72,"id":2923342}]}]}
{"op":"mcm","clk":"7732042123","pt":1540360465579,"mc":[{"id":"1.150019011","rc":[{"ltp":1.68,"id":2923342}]}]}
{"op":"mcm","clk":"7732097994","pt":1540361274337,"mc":[{"id":"1.150019011","rc":[{"ltp":1.73,"id":2923342},{"ltp":2.36,"id":5611697}]}]}
{"op":"mcm","clk":"7732103595","pt":1540361367483,"mc":[{"id":"1.150019011","rc":[{"ltp":2.34,"id":5611697}]}]}
{"op":"mcm","clk":"7732158746","pt":1540362176705,"mc":[{"id":"1.150019011","rc":[{"ltp":1.7,"id":2923342}]}]}
{"op":"mcm","clk":"7732310768","pt":1540364860808,"mc":[{"id":"1.150019011","rc":[{"ltp":1.72,"id":2923342}]}]}
{"op":"mcm","clk":"7732370477","pt":1540365802685,"mc":[{"id":"1.150019011","rc":[{"ltp":1.69,"id":2923342}]}]}
{"op":"mcm","clk":"7732479300","pt":1540367444903,"mc":[{"id":"1.150019011","rc":[{"ltp":1.72,"id":2923342}]}]}
{"op":"mcm","clk":"7732502465","pt":1540367755169,"mc":[{"id":"1.150019011","rc":[{"ltp":2.38,"id":5611697}]}]}
{"op":"mcm","clk":"7732511365","pt":1540367925521,"mc":[{"id":"1.150019011","rc":[{"ltp":1.7,"id":2923342}]}]}
{"op":"mcm","clk":"7732552980","pt":1540368451530,"mc":[{"id":"1.150019011","rc":[{"ltp":1.69,"id":2923342}]}]}
{"op":"mcm","clk":"7732591424","pt":1540369067776,"mc":[{"id":"1.150019011","rc":[{"ltp":1.7,"id":2923342},{"ltp":2.44,"id":5611697}]}]}
{"op":"mcm","clk":"7732593815","pt":1540369104657,"mc":[{"id":"1.150019011","rc":[{"ltp":1.71,"id":2923342},{"ltp":2.4,"id":5611697}]}]}
{"op":"mcm","clk":"7732601682","pt":1540369251559,"mc":[{"id":"1.150019011","rc":[{"ltp":1.72,"id":2923342}]}]}
{"op":"mcm","clk":"7732621288","pt":1540369428550,"mc":[{"id":"1.150019011","rc":[{"ltp":2.38,"id":5611697}]}]}
{"op":"mcm","clk":"7732632051","pt":1540369609026,"mc":[{"id":"1.150019011","rc":[{"ltp":1.7,"id":2923342}]}]}
{"op":"mcm","clk":"7732688630","pt":1540370341423,"mc":[{"id":"1.150019011","rc":[{"ltp":2.42,"id":5611697}]}]}
{"op":"mcm","clk":"7732720319","pt":1540370874065,"mc":[{"id":"1.150019011","rc":[{"ltp":1.69,"id":2923342}]}]}
{"op":"mcm","clk":"7732749531","pt":1540371222202,"mc":[{"id":"1.150019011","rc":[{"ltp":1.7,"id":2923342},{"ltp":2.4,"id":5611697}]}]}
{"op":"mcm","clk":"7732753305","pt":1540371292348,"mc":[{"id":"1.150019011","rc":[{"ltp":1.69,"id":2923342}]}]}
{"op":"mcm","clk":"7732763156","pt":1540371473136,"mc":[{"id":"1.150019011","rc":[{"ltp":1.71,"id":2923342}]}]}
{"op":"mcm","clk":"7732792220","pt":1540371954025,"mc":[{"id":"1.150019011","rc":[{"ltp":1.7,"id":2923342}]}]}
{"op":"mcm","clk":"7732810420","pt":1540372067371,"mc":[{"id":"1.150019011","rc":[{"ltp":1.71,"id":2923342}]}]}
{"op":"mcm","clk":"7732842433","pt":1540372490631,"mc":[{"id":"1.150019011","rc":[{"ltp":1.69,"id":2923342}]}]}
{"op":"mcm","clk":"7732846669","pt":1540372555114,"mc":[{"id":"1.150019011","rc":[{"ltp":1.7,"id":2923342},{"ltp":2.42,"id":5611697}]}]}
{"op":"mcm","clk":"7732850110","pt":1540372606151,"mc":[{"id":"1.150019011","rc":[{"ltp":1.71,"id":2923342},{"ltp":2.4,"id":5611697}]}]}
{"op":"mcm","clk":"7732861652","pt":1540372789969,"mc":[{"id":"1.150019011","rc":[{"ltp":1.72,"id":2923342}]}]}
{"op":"mcm","clk":"7732898731","pt":1540373238841,"mc":[{"id":"1.150019011","rc":[{"ltp":1.71,"id":2923342}]}]}
{"op":"mcm","clk":"7733200696","pt":1540376542797,"mc":[{"id":"1.150019011","rc":[{"ltp":1.7,"id":2923342}]}]}
{"op":"mcm","clk":"7733208545","pt":1540376625674,"mc":[{"id":"1.150019011","rc":[{"ltp":1.72,"id":2923342}]}]}
{"op":"mcm","clk":"7733350180","pt":1540377979256,"mc":[{"id":"1.150019011","rc":[{"ltp":2.38,"id":5611697}]}]}
{"op":"mcm","clk":"7733372747","pt":1540378233275,"mc":[{"id":"1.150019011","rc":[{"ltp":1.71,"id":2923342}]}]}
{"op":"mcm","clk":"7733403646","pt":1540378497424,"mc":[{"id":"1.150019011","rc":[{"ltp":2.4,"id":5611697}]}]}
{"op":"mcm","clk":"7733406916","pt":1540378543652,"mc":[{"id":"1.150019011","rc":[{"ltp":1.7,"id":2923342}]}]}
{"op":"mcm","clk":"7733420034","pt":1540378736684,"mc":[{"id":"1.150019011","rc":[{"ltp":1.71,"id":2923342},{"ltp":2.38,"id":5611697}]}]}
{"op":"mcm","clk":"7733432316","pt":1540378910757,"mc":[{"id":"1.150019011","rc":[{"ltp":1.72,"id":2923342},{"ltp":2.4,"id":5611697}]}]}
{"op":"mcm","clk":"7733436311","pt":1540378964477,"mc":[{"id":"1.150019011","rc":[{"ltp":1.71,"id":2923342}]}]}
{"op":"mcm","clk":"7733473023","pt":1540379274518,"mc":[{"id":"1.150019011","rc":[{"ltp":1.73,"id":2923342}]}]}
{"op":"mcm","clk":"7733484610","pt":1540379395018,"mc":[{"id":"1.150019011","rc":[{"ltp":1.72,"id":2923342}]}]}
{"op":"mcm","clk":"7733518092","pt":1540379755380,"mc":[{"id":"1.150019011","rc":[{"ltp":1.69,"id":2923342},{"ltp":2.42,"id":5611697}]}]}
{"op":"mcm","clk":"7733540081","pt":1540379993900,"mc":[{"id":"1.150019011","rc":[{"ltp":2.4,"id":5611697}]}]}
{"op":"mcm","clk":"7733546290","pt":1540380056272,"mc":[{"id":"1.150019011","rc":[{"ltp":1.71,"id":2923342}]}]}
{"op":"mcm","clk":"7733573405","pt":1540380229010,"mc":[{"id":"1.150019011","marketDefinition":{"bspMarket":false,"turnInPlayEnabled":true,"persistenceEnabled":true,"marketBaseRate":5.0,"eventId":"28970602","eventTypeId":"2","numberOfWinners":1,"bettingType":"ODDS","marketType":"MATCH_ODDS","marketTime":"2018-10-24T13:19:00.000Z","suspendTime":"2018-10-24T13:19:00.000Z","bspReconciled":false,"complete":true,"inPlay":false,"crossMatching":true,"runnersVoidable":false,"numberOfActiveRunners":2,"betDelay":0,"status":"OPEN","runners":[{"status":"ACTIVE","sortPriority":1,"id":2923342,"name":"Sloane Stephens"},{"status":"ACTIVE","sortPriority":2,"id":5611697,"name":"Kiki Bertens"}],"regulators":["MR_INT"],"countryCode":"SG","discountAllowed":true,"timezone":"UTC","openDate":"2018-10-24T13:19:00.000Z","version":2472998364,"name":"Match Odds","eventName":"Stephens v Bertens"}}]}
{"op":"mcm","clk":"7733577110","pt":1540380271410,"mc":[{"id":"1.150019011","rc":[{"ltp":1.69,"id":2923342}]}]}
{"op":"mcm","clk":"7733601192","pt":1540380579998,"mc":[{"id":"1.150019011","rc":[{"ltp":1.7,"id":2923342}]}]}
{"op":"mcm","clk":"7733629204","pt":1540380913171,"mc":[{"id":"1.150019011","rc":[{"ltp":1.71,"id":2923342}]}]}
{"op":"mcm","clk":"7733636447","pt":1540380993439,"mc":[{"id":"1.150019011","rc":[{"ltp":1.7,"id":2923342}]}]}
{"op":"mcm","clk":"7733657184","pt":1540381118094,"mc":[{"id":"1.150019011","rc":[{"ltp":1.69,"id":2923342}]}]}
{"op":"mcm","clk":"7733666922","pt":1540381235288,"mc":[{"id":"1.150019011","rc":[{"ltp":1.7,"id":2923342}]}]}
{"op":"mcm","clk":"7733749204","pt":1540382274899,"mc":[{"id":"1.150019011","rc":[{"ltp":1.71,"id":2923342}]}]}
{"op":"mcm","clk":"7733756264","pt":1540382379151,"mc":[{"id":"1.150019011","rc":[{"ltp":1.7,"id":2923342}]}]}
{"op":"mcm","clk":"7733903819","pt":1540383874238,"mc":[{"id":"1.150019011","rc":[{"ltp":1.72,"id":2923342},{"ltp":2.38,"id":5611697}]}]}
{"op":"mcm","clk":"7733910092","pt":1540383950952,"mc":[{"id":"1.150019011","rc":[{"ltp":1.71,"id":2923342}]}]}
{"op":"mcm","clk":"7733932178","pt":1540384226567,"mc":[{"id":"1.150019011","rc":[{"ltp":2.4,"id":5611697}]}]}
{"op":"mcm","clk":"7733943126","pt":1540384373613,"mc":[{"id":"1.150019011","rc":[{"ltp":2.42,"id":5611697}]}]}
{"op":"mcm","clk":"7733952865","pt":1540384496957,"mc":[{"id":"1.150019011","rc":[{"ltp":2.44,"id":5611697}]}]}
{"op":"mcm","clk":"7733985412","pt":1540384735656,"mc":[{"id":"1.150019011","rc":[{"ltp":1.72,"id":2923342},{"ltp":2.38,"id":5611697}]}]}
{"op":"mcm","clk":"7733990403","pt":1540384795975,"mc":[{"id":"1.150019011","rc":[{"ltp":1.71,"id":2923342}]}]}
{"op":"mcm","clk":"7733999317","pt":1540384916700,"mc":[{"id":"1.150019011","rc":[{"ltp":1.72,"id":2923342}]}]}
{"op":"mcm","clk":"7734003922","pt":1540384977411,"mc":[{"id":"1.150019011","rc":[{"ltp":1.74,"id":2923342},{"ltp":2.36,"id":5611697}]}]}
{"op":"mcm","clk":"7734008380","pt":1540385034976,"mc":[{"id":"1.150019011","rc":[{"ltp":1.75,"id":2923342},{"ltp":2.32,"id":5611697}]}]}
{"op":"mcm","clk":"7734011920","pt":1540385087744,"mc":[{"id":"1.150019011","rc":[{"ltp":1.74,"id":2923342}]}]}
{"op":"mcm","clk":"7734068475","pt":1540385757411,"mc":[{"id":"1.150019011","rc":[{"ltp":1.75,"id":2923342}]}]}
{"op":"mcm","clk":"7734081844","pt":1540385936132,"mc":[{"id":"1.150019011","rc":[{"ltp":1.76,"id":2923342}]}]}
{"op":"mcm","clk":"7734090737","pt":1540386057379,"mc":[{"id":"1.150019011","rc":[{"ltp":1.75,"id":2923342}]}]}
{"op":"mcm","clk":"7734098366","pt":1540386155827,"mc":[{"id":"1.150019011","rc":[{"ltp":1.76,"id":2923342}]}]}
{"op":"mcm","clk":"7734105205","pt":1540386237211,"mc":[{"id":"1.150019011","rc":[{"ltp":2.34,"id":5611697}]}]}
{"op":"mcm","clk":"7734109874","pt":1540386282737,"mc":[{"id":"1.150019011","rc":[{"ltp":1.75,"id":2923342}]}]}
{"op":"mcm","clk":"7734115782","pt":1540386341154,"mc":[{"id":"1.150019011","rc":[{"ltp":2.32,"id":5611697}]}]}
{"op":"mcm","clk":"7734123291","pt":1540386415697,"mc":[{"id":"1.150019011","rc":[{"ltp":1.76,"id":2923342}]}]}
{"op":"mcm","clk":"7734138977","pt":1540386476354,"mc":[{"id":"1.150019011","rc":[{"ltp":1.75,"id":2923342}]}]}
{"op":"mcm","clk":"7734149630","pt":1540386592640,"mc":[{"id":"1.150019011","rc":[{"ltp":1.76,"id":2923342},{"ltp":2.3,"id":5611697}]}]}
{"op":"mcm","clk":"7734154959","pt":1540386653030,"mc":[{"id":"1.150019011","rc":[{"ltp":1.77,"id":2923342}]}]}
{"op":"mcm","clk":"7734178334","pt":1540386897322,"mc":[{"id":"1.150019011","rc":[{"ltp":1.76,"id":2923342}]}]}
{"op":"mcm","clk":"7734189489","pt":1540387016286,"mc":[{"id":"1.150019011","rc":[{"ltp":1.78,"id":2923342}]}]}
{"op":"mcm","clk":"7734200350","pt":1540387136917,"mc":[{"id":"1.150019011","marketDefinition":{"bspMarket":false,"turnInPlayEnabled":true,"persistenceEnabled":true,"marketBaseRate":5.0,"eventId":"28970602","eventTypeId":"2","numberOfWinners":1,"bettingType":"ODDS","marketType":"MATCH_ODDS","marketTime":"2018-10-24T13:34:00.000Z","suspendTime":"2018-10-24T13:34:00.000Z","bspReconciled":false,"complete":true,"inPlay":false,"crossMatching":true,"runnersVoidable":false,"numberOfActiveRunners":2,"betDelay":0,"status":"OPEN","runners":[{"status":"ACTIVE","sortPriority":1,"id":2923342,"name":"Sloane Stephens"},{"status":"ACTIVE","sortPriority":2,"id":5611697,"name":"Kiki Bertens"}],"regulators":["MR_INT"],"countryCode":"SG","discountAllowed":true,"timezone":"UTC","openDate":"2018-10-24T13:34:00.000Z","version":2473178583,"name":"Match Odds","eventName":"Stephens v Bertens"},"rc":[{"ltp":1.77,"id":2923342}]}]}
{"op":"mcm","clk":"7734209117","pt":1540387241078,"mc":[{"id":"1.150019011","rc":[{"ltp":1.76,"id":2923342}]}]}
{"op":"mcm","clk":"7734228569","pt":1540387351743,"mc":[{"id":"1.150019011","rc":[{"ltp":1.77,"id":2923342}]}]}
{"op":"mcm","clk":"7734240039","pt":1540387476056,"mc":[{"id":"1.150019011","rc":[{"ltp":1.76,"id":2923342}]}]}
{"op":"mcm","clk":"7734267922","pt":1540387790727,"mc":[{"id":"1.150019011","rc":[{"ltp":1.77,"id":2923342}]}]}
{"op":"mcm","clk":"7734278737","pt":1540387904917,"mc":[{"id":"1.150019011","rc":[{"ltp":2.28,"id":5611697}]}]}
{"op":"mcm","clk":"7734285043","pt":1540387975482,"mc":[{"id":"1.150019011","rc":[{"ltp":1.75,"id":2923342},{"ltp":2.32,"id":5611697}]}]}
{"op":"mcm","clk":"7734290123","pt":1540388035149,"mc":[{"id":"1.150019011","marketDefinition":{"bspMarket":false,"turnInPlayEnabled":true,"persistenceEnabled":true,"marketBaseRate":5.0,"eventId":"28970602","eventTypeId":"2","numberOfWinners":1,"bettingType":"ODDS","marketType":"MATCH_ODDS","marketTime":"2018-10-24T13:49:00.000Z","suspendTime":"2018-10-24T13:49:00.000Z","bspReconciled":false,"complete":true,"inPlay":false,"crossMatching":true,"runnersVoidable":false,"numberOfActiveRunners":2,"betDelay":0,"status":"OPEN","runners":[{"status":"ACTIVE","sortPriority":1,"id":2923342,"name":"Sloane Stephens"},{"status":"ACTIVE","sortPriority":2,"id":5611697,"name":"Kiki Bertens"}],"regulators":["MR_INT"],"countryCode":"SG","discountAllowed":true,"timezone":"UTC","openDate":"2018-10-24T13:49:00.000Z","version":2473203197,"name":"Match Odds","eventName":"Stephens v Bertens"},"rc":[{"ltp":2.34,"id":5611697}]}]}
{"op":"mcm","clk":"7734344509","pt":1540388575007,"mc":[{"id":"1.150019011","rc":[{"ltp":1.74,"id":2923342},{"ltp":2.36,"id":5611697}]}]}
{"op":"mcm","clk":"7734364584","pt":1540388812701,"mc":[{"id":"1.150019011","rc":[{"ltp":1.73,"id":2923342}]}]}
{"op":"mcm","clk":"7734368884","pt":1540388872300,"mc":[{"id":"1.150019011","rc":[{"ltp":1.72,"id":2923342}]}]}
{"op":"mcm","clk":"7734373348","pt":1540388936831,"mc":[{"id":"1.150019011","marketDefinition":{"bspMarket":false,"turnInPlayEnabled":true,"persistenceEnabled":true,"marketBaseRate":5.0,"eventId":"28970602","eventTypeId":"2","numberOfWinners":1,"bettingType":"ODDS","marketType":"MATCH_ODDS","marketTime":"2018-10-24T14:04:00.000Z","suspendTime":"2018-10-24T14:04:00.000Z","bspReconciled":false,"complete":true,"inPlay":false,"crossMatching":true,"runnersVoidable":false,"numberOfActiveRunners":2,"betDelay":0,"status":"OPEN","runners":[{"status":"ACTIVE","sortPriority":1,"id":2923342,"name":"Sloane Stephens"},{"status":"ACTIVE","sortPriority":2,"id":5611697,"name":"Kiki Bertens"}],"regulators":["MR_INT"],"countryCode":"SG","discountAllowed":true,"timezone":"UTC","openDate":"2018-10-24T14:04:00.000Z","version":2473231441,"name":"Match Odds","eventName":"Stephens v Bertens"}}]}
{"op":"mcm","clk":"7734376765","pt":1540388991897,"mc":[{"id":"1.150019011","rc":[{"ltp":1.73,"id":2923342}]}]}
{"op":"mcm","clk":"7734380666","pt":1540389051714,"mc":[{"id":"1.150019011","rc":[{"ltp":1.77,"id":2923342},{"ltp":2.28,"id":5611697}]}]}
{"op":"mcm","clk":"7734384760","pt":1540389117408,"mc":[{"id":"1.150019011","rc":[{"ltp":1.8,"id":2923342},{"ltp":2.24,"id":5611697}]}]}
{"op":"mcm","clk":"7734398821","pt":1540389177423,"mc":[{"id":"1.150019011","rc":[{"ltp":2.26,"id":5611697}]}]}
{"op":"mcm","clk":"7734412842","pt":1540389413705,"mc":[{"id":"1.150019011","rc":[{"ltp":1.79,"id":2923342}]}]}
{"op":"mcm","clk":"7734420696","pt":1540389534428,"mc":[{"id":"1.150019011","rc":[{"ltp":1.78,"id":2923342}]}]}
{"op":"mcm","clk":"7734424456","pt":1540389592078,"mc":[{"id":"1.150019011","rc":[{"ltp":1.79,"id":2923342}]}]}
{"op":"mcm","clk":"7734434608","pt":1540389717213,"mc":[{"id":"1.150019011","rc":[{"ltp":1.8,"id":2923342}]}]}
{"op":"mcm","clk":"7734445094","pt":1540389836833,"mc":[{"id":"1.150019011","marketDefinition":{"bspMarket":false,"turnInPlayEnabled":true,"persistenceEnabled":true,"marketBaseRate":5.0,"eventId":"28970602","eventTypeId":"2","numberOfWinners":1,"bettingType":"ODDS","marketType":"MATCH_ODDS","marketTime":"2018-10-24T14:19:00.000Z","suspendTime":"2018-10-24T14:19:00.000Z","bspReconciled":false,"complete":true,"inPlay":false,"crossMatching":true,"runnersVoidable":false,"numberOfActiveRunners":2,"betDelay":0,"status":"OPEN","runners":[{"status":"ACTIVE","sortPriority":1,"id":2923342,"name":"Sloane Stephens"},{"status":"ACTIVE","sortPriority":2,"id":5611697,"name":"Kiki Bertens"}],"regulators":["MR_INT"],"countryCode":"SG","discountAllowed":true,"timezone":"UTC","openDate":"2018-10-24T14:19:00.000Z","version":2473281178,"name":"Match Odds","eventName":"Stephens v Bertens"},"rc":[{"ltp":1.79,"id":2923342},{"ltp":2.24,"id":5611697}]}]}
{"op":"mcm","clk":"7734455367","pt":1540389946930,"mc":[{"id":"1.150019011","rc":[{"ltp":1.81,"id":2923342}]}]}
{"op":"mcm","clk":"7734462025","pt":1540390016419,"mc":[{"id":"1.150019011","rc":[{"ltp":1.79,"id":2923342}]}]}
{"op":"mcm","clk":"7734476724","pt":1540390060472,"mc":[{"id":"1.150019011","rc":[{"ltp":1.8,"id":2923342}]}]}
{"op":"mcm","clk":"7734489098","pt":1540390188224,"mc":[{"id":"1.150019011","rc":[{"ltp":1.82,"id":2923342},{"ltp":2.22,"id":5611697}]}]}
{"op":"mcm","clk":"7734495873","pt":1540390257265,"mc":[{"id":"1.150019011","rc":[{"ltp":1.84,"id":2923342},{"ltp":2.2,"id":5611697}]}]}
{"op":"mcm","clk":"7734499294","pt":1540390292178,"mc":[{"id":"1.150019011","rc":[{"ltp":1.83,"id":2923342}]}]}
{"op":"mcm","clk":"7734507619","pt":1540390377361,"mc":[{"id":"1.150019011","rc":[{"ltp":1.82,"id":2923342},{"ltp":2.22,"id":5611697}]}]}
{"op":"mcm","clk":"7734513741","pt":1540390437248,"mc":[{"id":"1.150019011","marketDefinition":{"bspMarket":false,"turnInPlayEnabled":true,"persistenceEnabled":true,"marketBaseRate":5.0,"eventId":"28970602","eventTypeId":"2","numberOfWinners":1,"bettingType":"ODDS","marketType":"MATCH_ODDS","marketTime":"2018-10-24T14:17:00.000Z","suspendTime":"2018-10-24T14:17:00.000Z","bspReconciled":false,"complete":true,"inPlay":false,"crossMatching":true,"runnersVoidable":false,"numberOfActiveRunners":2,"betDelay":0,"status":"OPEN","runners":[{"status":"ACTIVE","sortPriority":1,"id":2923342,"name":"Sloane Stephens"},{"status":"ACTIVE","sortPriority":2,"id":5611697,"name":"Kiki Bertens"}],"regulators":["MR_INT"],"countryCode":"SG","discountAllowed":true,"timezone":"UTC","openDate":"2018-10-24T14:17:00.000Z","version":2473297755,"name":"Match Odds","eventName":"Stephens v Bertens"},"rc":[{"ltp":1.78,"id":2923342},{"ltp":2.26,"id":5611697}]}]}
{"op":"mcm","clk":"7734519713","pt":1540390497253,"mc":[{"id":"1.150019011","rc":[{"ltp":2.28,"id":5611697}]}]}
{"op":"mcm","clk":"7734525527","pt":1540390557136,"mc":[{"id":"1.150019011","rc":[{"ltp":2.3,"id":5611697}]}]}
{"op":"mcm","clk":"7734531254","pt":1540390615915,"mc":[{"id":"1.150019011","rc":[{"ltp":1.77,"id":2923342},{"ltp":2.28,"id":5611697}]}]}
{"op":"mcm","clk":"7734536929","pt":1540390675557,"mc":[{"id":"1.150019011","rc":[{"ltp":1.79,"id":2923342},{"ltp":2.26,"id":5611697}]}]}
{"op":"mcm","clk":"7734542873","pt":1540390735150,"mc":[{"id":"1.150019011","marketDefinition":{"bspMarket":false,"turnInPlayEnabled":true,"persistenceEnabled":true,"marketBaseRate":5.0,"eventId":"28970602","eventTypeId":"2","numberOfWinners":1,"bettingType":"ODDS","marketType":"MATCH_ODDS","marketTime":"2018-10-24T14:15:00.000Z","suspendTime":"2018-10-24T14:15:00.000Z","bspReconciled":false,"complete":true,"inPlay":false,"crossMatching":true,"runnersVoidable":false,"numberOfActiveRunners":2,"betDelay":0,"status":"OPEN","runners":[{"status":"ACTIVE","sortPriority":1,"id":2923342,"name":"Sloane Stephens"},{"status":"ACTIVE","sortPriority":2,"id":5611697,"name":"Kiki Bertens"}],"regulators":["MR_INT"],"countryCode":"SG","discountAllowed":true,"timezone":"UTC","openDate":"2018-10-24T14:15:00.000Z","version":2473311495,"name":"Match Odds","eventName":"Stephens v Bertens"},"rc":[{"ltp":1.78,"id":2923342},{"ltp":2.28,"id":5611697}]}]}
{"op":"mcm","clk":"7734548495","pt":1540390793400,"mc":[{"id":"1.150019011","rc":[{"ltp":1.79,"id":2923342},{"ltp":2.26,"id":5611697}]}]}
{"op":"mcm","clk":"7734554702","pt":1540390856536,"mc":[{"id":"1.150019011","rc":[{"ltp":1.78,"id":2923342},{"ltp":2.28,"id":5611697}]}]}
{"op":"mcm","clk":"7734561267","pt":1540390917198,"mc":[{"id":"1.150019011","rc":[{"ltp":1.76,"id":2923342},{"ltp":2.36,"id":5611697}]}]}
{"op":"mcm","clk":"7734578186","pt":1540390976894,"mc":[{"id":"1.150019011","rc":[{"ltp":2.3,"id":5611697}]}]}
{"op":"mcm","clk":"7734584680","pt":1540391036364,"mc":[{"id":"1.150019011","rc":[{"ltp":1.77,"id":2923342}]}]}
{"op":"mcm","clk":"7734596895","pt":1540391149631,"mc":[{"id":"1.150019011","rc":[{"ltp":1.78,"id":2923342},{"ltp":2.28,"id":5611697}]}]}
{"op":"mcm","clk":"7734603695","pt":1540391217180,"mc":[{"id":"1.150019011","rc":[{"ltp":1.83,"id":2923342},{"ltp":2.22,"id":5611697}]}]}
{"op":"mcm","clk":"7734609431","pt":1540391277067,"mc":[{"id":"1.150019011","rc":[{"ltp":1.86,"id":2923342},{"ltp":2.16,"id":5611697}]}]}
{"op":"mcm","clk":"7734615408","pt":1540391335308,"mc":[{"id":"1.150019011","rc":[{"ltp":1.81,"id":2923342},{"ltp":2.24,"id":5611697}]}]}
{"op":"mcm","clk":"7734621461","pt":1540391397005,"mc":[{"id":"1.150019011","rc":[{"ltp":1.8,"id":2923342}]}]}
{"op":"mcm","clk":"7734627748","pt":1540391455749,"mc":[{"id":"1.150019011","rc":[{"ltp":1.78,"id":2923342},{"ltp":2.28,"id":5611697}]}]}
{"op":"mcm","clk":"7734634479","pt":1540391516444,"mc":[{"id":"1.150019011","rc":[{"ltp":1.77,"id":2923342}]}]}
{"op":"mcm","clk":"7734641611","pt":1540391577341,"mc":[{"id":"1.150019011","marketDefinition":{"bspMarket":false,"turnInPlayEnabled":true,"persistenceEnabled":true,"marketBaseRate":5.0,"eventId":"28970602","eventTypeId":"2","numberOfWinners":1,"bettingType":"ODDS","marketType":"MATCH_ODDS","marketTime":"2018-10-24T14:15:00.000Z","suspendTime":"2018-10-24T14:15:00.000Z","bspReconciled":false,"complete":true,"inPlay":true,"crossMatching":true,"runnersVoidable":false,"numberOfActiveRunners":2,"betDelay":5,"status":"OPEN","runners":[{"status":"ACTIVE","sortPriority":1,"id":2923342,"name":"Sloane Stephens"},{"status":"ACTIVE","sortPriority":2,"id":5611697,"name":"Kiki Bertens"}],"regulators":["MR_INT"],"countryCode":"SG","discountAllowed":true,"timezone":"UTC","openDate":"2018-10-24T14:15:00.000Z","version":2473335159,"name":"Match Odds","eventName":"Stephens v Bertens"},"rc":[{"ltp":1.8,"id":2923342},{"ltp":2.24,"id":5611697}]}]}
{"op":"mcm","clk":"7734648189","pt":1540391636893,"mc":[{"id":"1.150019011","rc":[{"ltp":1.66,"id":2923342},{"ltp":2.5,"id":5611697}]}]}
{"op":"mcm","clk":"7734654753","pt":1540391696245,"mc":[{"id":"1.150019011","rc":[{"ltp":1.79,"id":2923342},{"ltp":2.26,"id":5611697}]}]}
{"op":"mcm","clk":"7734661575","pt":1540391757389,"mc":[{"id":"1.150019011","rc":[{"ltp":1.65,"id":2923342},{"ltp":2.6,"id":5611697}]}]}
{"op":"mcm","clk":"7734667752","pt":1540391817017,"mc":[{"id":"1.150019011","rc":[{"ltp":1.62,"id":2923342}]}]}
{"op":"mcm","clk":"7734684564","pt":1540391877400,"mc":[{"id":"1.150019011","rc":[{"ltp":1.56,"id":2923342},{"ltp":2.74,"id":5611697}]}]}
{"op":"mcm","clk":"7734690634","pt":1540391937362,"mc":[{"id":"1.150019011","rc":[{"ltp":1.43,"id":2923342},{"ltp":3.25,"id":5611697}]}]}
{"op":"mcm","clk":"7734696916","pt":1540391996678,"mc":[{"id":"1.150019011","rc":[{"ltp":1.38,"id":2923342},{"ltp":3.6,"id":5611697}]}]}
{"op":"mcm","clk":"7734703219","pt":1540392057423,"mc":[{"id":"1.150019011","rc":[{"ltp":1.33,"id":2923342},{"ltp":3.95,"id":5611697}]}]}
{"op":"mcm","clk":"7734709332","pt":1540392117048,"mc":[{"id":"1.150019011","rc":[{"ltp":1.31,"id":2923342},{"ltp":4.2,"id":5611697}]}]}
{"op":"mcm","clk":"7734715398","pt":1540392177277,"mc":[{"id":"1.150019011","rc":[{"ltp":1.32,"id":2923342},{"ltp":4.1,"id":5611697}]}]}
{"op":"mcm","clk":"7734721631","pt":1540392237419,"mc":[{"id":"1.150019011","rc":[{"ltp":1.29,"id":2923342},{"ltp":4.4,"id":5611697}]}]}
{"op":"mcm","clk":"7734727969","pt":1540392296382,"mc":[{"id":"1.150019011","rc":[{"ltp":1.38,"id":2923342},{"ltp":3.75,"id":5611697}]}]}
{"op":"mcm","clk":"7734734043","pt":1540392356912,"mc":[{"id":"1.150019011","rc":[{"ltp":1.39,"id":2923342},{"ltp":3.6,"id":5611697}]}]}
{"op":"mcm","clk":"7734739908","pt":1540392417404,"mc":[{"id":"1.150019011","rc":[{"ltp":1.51,"id":2923342},{"ltp":2.98,"id":5611697}]}]}
{"op":"mcm","clk":"7734745242","pt":1540392477370,"mc":[{"id":"1.150019011","rc":[{"ltp":1.66,"id":2923342},{"ltp":2.52,"id":5611697}]}]}
{"op":"mcm","clk":"7734750116","pt":1540392536995,"mc":[{"id":"1.150019011","rc":[{"ltp":1.67,"id":2923342},{"ltp":2.46,"id":5611697}]}]}
{"op":"mcm","clk":"7734755006","pt":1540392597279,"mc":[{"id":"1.150019011","rc":[{"ltp":1.56,"id":2923342},{"ltp":2.72,"id":5611697}]}]}
{"op":"mcm","clk":"7734760178","pt":1540392657314,"mc":[{"id":"1.150019011","rc":[{"ltp":1.62,"id":2923342},{"ltp":2.9,"id":5611697}]}]}
{"op":"mcm","clk":"7734765185","pt":1540392717409,"mc":[{"id":"1.150019011","rc":[{"ltp":1.51,"id":2923342},{"ltp":2.92,"id":5611697}]}]}
{"op":"mcm","clk":"7734781036","pt":1540392777261,"mc":[{"id":"1.150019011","rc":[{"ltp":1.4,"id":2923342},{"ltp":3.5,"id":5611697}]}]}
{"op":"mcm","clk":"7734785568","pt":1540392837327,"mc":[{"id":"1.150019011","rc":[{"ltp":1.41,"id":2923342},{"ltp":3.45,"id":5611697}]}]}
{"op":"mcm","clk":"7734790275","pt":1540392896522,"mc":[{"id":"1.150019011","rc":[{"ltp":3.35,"id":5611697}]}]}
{"op":"mcm","clk":"7734795227","pt":1540392957279,"mc":[{"id":"1.150019011","rc":[{"ltp":1.43,"id":2923342},{"ltp":3.3,"id":5611697}]}]}
{"op":"mcm","clk":"7734800340","pt":1540393017361,"mc":[{"id":"1.150019011","rc":[{"ltp":1.53,"id":2923342},{"ltp":2.92,"id":5611697}]}]}
{"op":"mcm","clk":"7734805342","pt":1540393077399,"mc":[{"id":"1.150019011","rc":[{"ltp":1.64,"id":2923342},{"ltp":2.56,"id":5611697}]}]}
{"op":"mcm","clk":"7734810287","pt":1540393137233,"mc":[{"id":"1.150019011","rc":[{"ltp":1.67,"id":2923342},{"ltp":2.48,"id":5611697}]}]}
{"op":"mcm","clk":"7734815823","pt":1540393197450,"mc":[{"id":"1.150019011","rc":[{"ltp":1.87,"id":2923342},{"ltp":2.16,"id":5611697}]}]}
{"op":"mcm","clk":"7734822175","pt":1540393257221,"mc":[{"id":"1.150019011","rc":[{"ltp":2.0,"id":2923342},{"ltp":1.99,"id":5611697}]}]}
{"op":"mcm","clk":"7734828790","pt":1540393317436,"mc":[{"id":"1.150019011","rc":[{"ltp":1.73,"id":2923342},{"ltp":2.4,"id":5611697}]}]}
{"op":"mcm","clk":"7734835357","pt":1540393377428,"mc":[{"id":"1.150019011","rc":[{"ltp":1.64,"id":2923342},{"ltp":2.52,"id":5611697}]}]}
{"op":"mcm","clk":"7734842671","pt":1540393437337,"mc":[{"id":"1.150019011","rc":[{"ltp":1.63,"id":2923342},{"ltp":2.58,"id":5611697}]}]}
{"op":"mcm","clk":"7734850453","pt":1540393497380,"mc":[{"id":"1.150019011","rc":[{"ltp":1.64,"id":2923342},{"ltp":2.56,"id":5611697}]}]}
{"op":"mcm","clk":"7734858178","pt":1540393557430,"mc":[{"id":"1.150019011","rc":[{"ltp":1.66,"id":2923342},{"ltp":2.5,"id":5611697}]}]}
{"op":"mcm","clk":"7734865927","pt":1540393616834,"mc":[{"id":"1.150019011","rc":[{"ltp":1.85,"id":2923342},{"ltp":2.16,"id":5611697}]}]}
{"op":"mcm","clk":"7734884789","pt":1540393677003,"mc":[{"id":"1.150019011","rc":[{"ltp":1.74,"id":2923342},{"ltp":2.32,"id":5611697}]}]}
{"op":"mcm","clk":"7734892068","pt":1540393737369,"mc":[{"id":"1.150019011","rc":[{"ltp":1.89,"id":2923342},{"ltp":2.14,"id":5611697}]}]}
{"op":"mcm","clk":"7734899506","pt":1540393797298,"mc":[{"id":"1.150019011","rc":[{"ltp":1.97,"id":2923342},{"ltp":2.02,"id":5611697}]}]}
{"op":"mcm","clk":"7734906822","pt":1540393857249,"mc":[{"id":"1.150019011","rc":[{"ltp":2.18,"id":2923342},{"ltp":1.84,"id":5611697}]}]}
{"op":"mcm","clk":"7734914452","pt":1540393917297,"mc":[{"id":"1.150019011","rc":[{"ltp":1.87,"id":2923342},{"ltp":2.16,"id":5611697}]}]}
{"op":"mcm","clk":"7734921859","pt":1540393975470,"mc":[{"id":"1.150019011","rc":[{"ltp":2.06,"id":2923342},{"ltp":1.95,"id":5611697}]}]}
{"op":"mcm","clk":"7734937996","pt":1540394097324,"mc":[{"id":"1.150019011","rc":[{"ltp":1.69,"id":2923342},{"ltp":2.46,"id":5611697}]}]}
{"op":"mcm","clk":"7734945494","pt":1540394156828,"mc":[{"id":"1.150019011","rc":[{"ltp":1.7,"id":2923342},{"ltp":2.42,"id":5611697}]}]}
{"op":"mcm","clk":"7734952791","pt":1540394217227,"mc":[{"id":"1.150019011","rc":[{"ltp":1.92,"id":2923342},{"ltp":2.2,"id":5611697}]}]}
{"op":"mcm","clk":"7734960152","pt":1540394277401,"mc":[{"id":"1.150019011","rc":[{"ltp":2.08,"id":2923342},{"ltp":1.92,"id":5611697}]}]}
{"op":"mcm","clk":"7734967719","pt":1540394336904,"mc":[{"id":"1.150019011","rc":[{"ltp":1.86,"id":2923342},{"ltp":2.14,"id":5611697}]}]}
{"op":"mcm","clk":"7734975301","pt":1540394397336,"mc":[{"id":"1.150019011","rc":[{"ltp":1.5,"id":2923342},{"ltp":3.0,"id":5611697}]}]}
{"op":"mcm","clk":"7734983047","pt":1540394457329,"mc":[{"id":"1.150019011","rc":[{"ltp":1.64,"id":2923342},{"ltp":2.56,"id":5611697}]}]}
{"op":"mcm","clk":"7734990627","pt":1540394516864,"mc":[{"id":"1.150019011","rc":[{"ltp":1.49,"id":2923342},{"ltp":3.0,"id":5611697}]}]}
{"op":"mcm","clk":"7735009897","pt":1540394577135,"mc":[{"id":"1.150019011","rc":[{"ltp":1.46,"id":2923342},{"ltp":3.2,"id":5611697}]}]}
{"op":"mcm","clk":"7735018164","pt":1540394637238,"mc":[{"id":"1.150019011","rc":[{"ltp":1.41,"id":2923342},{"ltp":3.5,"id":5611697}]}]}
{"op":"mcm","clk":"7735026160","pt":1540394697097,"mc":[{"id":"1.150019011","rc":[{"ltp":1.46,"id":2923342},{"ltp":3.25,"id":5611697}]}]}
{"op":"mcm","clk":"7735034284","pt":1540394757261,"mc":[{"id":"1.150019011","rc":[{"ltp":1.36,"id":2923342},{"ltp":3.8,"id":5611697}]}]}
{"op":"mcm","clk":"7735042116","pt":1540394817381,"mc":[{"id":"1.150019011","rc":[{"ltp":1.37,"id":2923342},{"ltp":3.75,"id":5611697}]}]}
{"op":"mcm","clk":"7735050227","pt":1540394877410,"mc":[{"id":"1.150019011","rc":[{"ltp":1.39,"id":2923342},{"ltp":3.4,"id":5611697}]}]}
{"op":"mcm","clk":"7735057782","pt":1540394937304,"mc":[{"id":"1.150019011","rc":[{"ltp":1.4,"id":2923342},{"ltp":3.5,"id":5611697}]}]}
{"op":"mcm","clk":"7735065126","pt":1540394997404,"mc":[{"id":"1.150019011","rc":[{"ltp":1.49,"id":2923342},{"ltp":3.0,"id":5611697}]}]}
{"op":"mcm","clk":"7735072467","pt":1540395057029,"mc":[{"id":"1.150019011","rc":[{"ltp":1.58,"id":2923342},{"ltp":2.76,"id":5611697}]}]}
{"op":"mcm","clk":"7735080041","pt":1540395117226,"mc":[{"id":"1.150019011","rc":[{"ltp":1.6,"id":2923342},{"ltp":2.48,"id":5611697}]}]}
{"op":"mcm","clk":"7735087565","pt":1540395177368,"mc":[{"id":"1.150019011","rc":[{"ltp":1.73,"id":2923342},{"ltp":2.38,"id":5611697}]}]}
{"op":"mcm","clk":"7735095448","pt":1540395237415,"mc":[{"id":"1.150019011","rc":[{"ltp":1.82,"id":2923342},{"ltp":2.24,"id":5611697}]}]}
{"op":"mcm","clk":"7735103736","pt":1540395297210,"mc":[{"id":"1.150019011","rc":[{"ltp":1.86,"id":2923342},{"ltp":2.14,"id":5611697}]}]}
{"op":"mcm","clk":"7735120008","pt":1540395417442,"mc":[{"id":"1.150019011","rc":[{"ltp":1.66,"id":2923342},{"ltp":2.48,"id":5611697}]}]}
{"op":"mcm","clk":"7735138987","pt":1540395477157,"mc":[{"id":"1.150019011","rc":[{"ltp":1.88,"id":2923342},{"ltp":2.14,"id":5611697}]}]}
{"op":"mcm","clk":"7735154347","pt":1540395596759,"mc":[{"id":"1.150019011","rc":[{"ltp":1.78,"id":2923342},{"ltp":2.26,"id":5611697}]}]}
{"op":"mcm","clk":"7735161862","pt":1540395657374,"mc":[{"id":"1.150019011","rc":[{"ltp":1.53,"id":2923342},{"ltp":2.62,"id":5611697}]}]}
{"op":"mcm","clk":"7735169133","pt":1540395717357,"mc":[{"id":"1.150019011","rc":[{"ltp":1.52,"id":2923342},{"ltp":2.88,"id":5611697}]}]}
{"op":"mcm","clk":"7735176109","pt":1540395777168,"mc":[{"id":"1.150019011","rc":[{"ltp":2.84,"id":5611697}]}]}
{"op":"mcm","clk":"7735183801","pt":1540395835979,"mc":[{"id":"1.150019011","rc":[{"ltp":1.54,"id":2923342},{"ltp":2.86,"id":5611697}]}]}
{"op":"mcm","clk":"7735191686","pt":1540395897273,"mc":[{"id":"1.150019011","rc":[{"ltp":1.55,"id":2923342},{"ltp":2.84,"id":5611697}]}]}
{"op":"mcm","clk":"7735199698","pt":1540395957365,"mc":[{"id":"1.150019011","rc":[{"ltp":1.72,"id":2923342},{"ltp":2.48,"id":5611697}]}]}
{"op":"mcm","clk":"7735206976","pt":1540396017419,"mc":[{"id":"1.150019011","rc":[{"ltp":1.96,"id":2923342},{"ltp":2.06,"id":5611697}]}]}
{"op":"mcm","clk":"7735213932","pt":1540396077275,"mc":[{"id":"1.150019011","rc":[{"ltp":2.16,"id":2923342},{"ltp":1.87,"id":5611697}]}]}
{"op":"mcm","clk":"7735220357","pt":1540396137263,"mc":[{"id":"1.150019011","rc":[{"ltp":1.86,"id":5611697}]}]}
{"op":"mcm","clk":"7735226839","pt":1540396197236,"mc":[{"id":"1.150019011","rc":[{"ltp":2.18,"id":2923342},{"ltp":1.85,"id":5611697}]}]}
{"op":"mcm","clk":"7735233246","pt":1540396257215,"mc":[{"id":"1.150019011","rc":[{"ltp":2.16,"id":2923342}]}]}
{"op":"mcm","clk":"7735239750","pt":1540396317402,"mc":[{"id":"1.150019011","rc":[{"ltp":2.28,"id":2923342},{"ltp":1.77,"id":5611697}]}]}
{"op":"mcm","clk":"7735257057","pt":1540396376740,"mc":[{"id":"1.150019011","rc":[{"ltp":2.56,"id":2923342},{"ltp":1.64,"id":5611697}]}]}
{"op":"mcm","clk":"7735263671","pt":1540396437371,"mc":[{"id":"1.150019011","rc":[{"ltp":2.64,"id":2923342},{"ltp":1.62,"id":5611697}]}]}
{"op":"mcm","clk":"7735270058","pt":1540396497255,"mc":[{"id":"1.150019011","rc":[{"ltp":2.8,"id":2923342},{"ltp":1.57,"id":5611697}]}]}
{"op":"mcm","clk":"7735276411","pt":1540396556942,"mc":[{"id":"1.150019011","rc":[{"ltp":2.66,"id":2923342},{"ltp":1.61,"id":5611697}]}]}
{"op":"mcm","clk":"7735282885","pt":1540396617290,"mc":[{"id":"1.150019011","rc":[{"ltp":2.36,"id":2923342},{"ltp":1.72,"id":5611697}]}]}
{"op":"mcm","clk":"7735289296","pt":1540396677096,"mc":[{"id":"1.150019011","rc":[{"ltp":2.6,"id":2923342},{"ltp":1.62,"id":5611697}]}]}
{"op":"mcm","clk":"7735295699","pt":1540396737058,"mc":[{"id":"1.150019011","rc":[{"ltp":2.38,"id":2923342},{"ltp":1.72,"id":5611697}]}]}
{"op":"mcm","clk":"7735302255","pt":1540396796740,"mc":[{"id":"1.150019011","rc":[{"ltp":2.24,"id":2923342},{"ltp":1.8,"id":5611697}]}]}
{"op":"mcm","clk":"7735309485","pt":1540396856877,"mc":[{"id":"1.150019011","rc":[{"ltp":2.28,"id":2923342},{"ltp":1.78,"id":5611697}]}]}
{"op":"mcm","clk":"7735316782","pt":1540396917031,"mc":[{"id":"1.150019011","rc":[{"ltp":2.36,"id":2923342},{"ltp":1.73,"id":5611697}]}]}
{"op":"mcm","clk":"7735324541","pt":1540396977396,"mc":[{"id":"1.150019011","rc":[{"ltp":2.4,"id":2923342},{"ltp":1.72,"id":5611697}]}]}
{"op":"mcm","clk":"7735332729","pt":1540397036920,"mc":[{"id":"1.150019011","rc":[{"ltp":2.56,"id":2923342},{"ltp":1.65,"id":5611697}]}]}
{"op":"mcm","clk":"7735341170","pt":1540397097183,"mc":[{"id":"1.150019011","rc":[{"ltp":2.66,"id":2923342},{"ltp":1.6,"id":5611697}]}]}
{"op":"mcm","clk":"7735349806","pt":1540397157439,"mc":[{"id":"1.150019011","rc":[{"ltp":2.68,"id":2923342}]}]}
{"op":"mcm","clk":"7735376711","pt":1540397277267,"mc":[{"id":"1.150019011","rc":[{"ltp":1.59,"id":5611697}]}]}
{"op":"mcm","clk":"7735384481","pt":1540397335996,"mc":[{"id":"1.150019011","rc":[{"ltp":2.66,"id":2923342},{"ltp":1.6,"id":5611697}]}]}
{"op":"mcm","clk":"7735392818","pt":1540397397248,"mc":[{"id":"1.150019011","rc":[{"ltp":2.96,"id":2923342},{"ltp":1.53,"id":5611697}]}]}
{"op":"mcm","clk":"7735400854","pt":1540397457444,"mc":[{"id":"1.150019011","rc":[{"ltp":3.55,"id":2923342},{"ltp":1.39,"id":5611697}]}]}
{"op":"mcm","clk":"7735408591","pt":1540397517191,"mc":[{"id":"1.150019011","rc":[{"ltp":4.4,"id":2923342},{"ltp":1.3,"id":5611697}]}]}
{"op":"mcm","clk":"7735416580","pt":1540397577338,"mc":[{"id":"1.150019011","rc":[{"ltp":5.3,"id":2923342},{"ltp":1.23,"id":5611697}]}]}
{"op":"mcm","clk":"7735424411","pt":1540397636423,"mc":[{"id":"1.150019011","rc":[{"ltp":4.5,"id":2923342},{"ltp":1.28,"id":5611697}]}]}
{"op":"mcm","clk":"7735432266","pt":1540397697270,"mc":[{"id":"1.150019011","rc":[{"ltp":6.4,"id":2923342},{"ltp":1.17,"id":5611697}]}]}
{"op":"mcm","clk":"7735440453","pt":1540397757376,"mc":[{"id":"1.150019011","rc":[{"ltp":8.2,"id":2923342},{"ltp":1.14,"id":5611697}]}]}
{"op":"mcm","clk":"7735448487","pt":1540397816996,"mc":[{"id":"1.150019011","rc":[{"ltp":6.4,"id":2923342},{"ltp":1.18,"id":5611697}]}]}
{"op":"mcm","clk":"7735456714","pt":1540397877330,"mc":[{"id":"1.150019011","rc":[{"ltp":3.85,"id":2923342},{"ltp":1.34,"id":5611697}]}]}
{"op":"mcm","clk":"7735464687","pt":1540397937344,"mc":[{"id":"1.150019011","rc":[{"ltp":6.0,"id":2923342},{"ltp":1.2,"id":5611697}]}]}
{"op":"mcm","clk":"7735472483","pt":1540397997262,"mc":[{"id":"1.150019011","rc":[{"ltp":4.6,"id":2923342},{"ltp":1.28,"id":5611697}]}]}
{"op":"mcm","clk":"7735480577","pt":1540398057242,"mc":[{"id":"1.150019011","rc":[{"ltp":3.45,"id":2923342},{"ltp":1.4,"id":5611697}]}]}
{"op":"mcm","clk":"7735487946","pt":1540398116954,"mc":[{"id":"1.150019011","rc":[{"ltp":3.5,"id":2923342}]}]}
{"op":"mcm","clk":"7735506231","pt":1540398175809,"mc":[{"id":"1.150019011","rc":[{"ltp":3.35,"id":2923342},{"ltp":1.42,"id":5611697}]}]}
{"op":"mcm","clk":"7735513633","pt":1540398237380,"mc":[{"id":"1.150019011","rc":[{"ltp":2.68,"id":2923342},{"ltp":1.61,"id":5611697}]}]}
{"op":"mcm","clk":"7735520684","pt":1540398297402,"mc":[{"id":"1.150019011","rc":[{"ltp":3.35,"id":2923342},{"ltp":1.42,"id":5611697}]}]}
{"op":"mcm","clk":"7735528361","pt":1540398357043,"mc":[{"id":"1.150019011","rc":[{"ltp":2.8,"id":2923342},{"ltp":1.54,"id":5611697}]}]}
{"op":"mcm","clk":"7735536295","pt":1540398416726,"mc":[{"id":"1.150019011","rc":[{"ltp":2.44,"id":2923342},{"ltp":1.7,"id":5611697}]}]}
{"op":"mcm","clk":"7735543672","pt":1540398477374,"mc":[{"id":"1.150019011","rc":[{"ltp":2.08,"id":2923342},{"ltp":1.95,"id":5611697}]}]}
{"op":"mcm","clk":"7735551389","pt":1540398537107,"mc":[{"id":"1.150019011","rc":[{"ltp":2.38,"id":2923342},{"ltp":1.76,"id":5611697}]}]}
{"op":"mcm","clk":"7735558712","pt":1540398597133,"mc":[{"id":"1.150019011","rc":[{"ltp":2.34,"id":2923342},{"ltp":1.74,"id":5611697}]}]}
{"op":"mcm","clk":"7735567564","pt":1540398657427,"mc":[{"id":"1.150019011","rc":[{"ltp":2.62,"id":2923342},{"ltp":1.71,"id":5611697}]}]}
{"op":"mcm","clk":"7735575858","pt":1540398717375,"mc":[{"id":"1.150019011","rc":[{"ltp":1.89,"id":2923342},{"ltp":2.12,"id":5611697}]}]}
{"op":"mcm","clk":"7735584003","pt":1540398777250,"mc":[{"id":"1.150019011","rc":[{"ltp":2.28,"id":2923342},{"ltp":1.78,"id":5611697}]}]}
{"op":"mcm","clk":"7735591922","pt":1540398837222,"mc":[{"id":"1.150019011","rc":[{"ltp":1.64,"id":2923342},{"ltp":2.56,"id":5611697}]}]}
{"op":"mcm","clk":"7735599858","pt":1540398897278,"mc":[{"id":"1.150019011","rc":[{"ltp":1.65,"id":2923342}]}]}
{"op":"mcm","clk":"7735607697","pt":1540398957300,"mc":[{"id":"1.150019011","rc":[{"ltp":1.5,"id":2923342},{"ltp":3.1,"id":5611697}]}]}
{"op":"mcm","clk":"7735615929","pt":1540399017410,"mc":[{"id":"1.150019011","rc":[{"ltp":1.38,"id":2923342},{"ltp":3.55,"id":5611697}]}]}
{"op":"mcm","clk":"7735634605","pt":1540399077268,"mc":[{"id":"1.150019011","rc":[{"ltp":1.35,"id":2923342},{"ltp":4.0,"id":5611697}]}]}
{"op":"mcm","clk":"7735641675","pt":1540399136907,"mc":[{"id":"1.150019011","rc":[{"ltp":1.44,"id":2923342},{"ltp":3.3,"id":5611697}]}]}
{"op":"mcm","clk":"7735647969","pt":1540399197450,"mc":[{"id":"1.150019011","rc":[{"ltp":1.3,"id":2923342},{"ltp":4.2,"id":5611697}]}]}
{"op":"mcm","clk":"7735654895","pt":1540399256835,"mc":[{"id":"1.150019011","rc":[{"ltp":1.22,"id":2923342},{"ltp":5.5,"id":5611697}]}]}
{"op":"mcm","clk":"7735661184","pt":1540399317349,"mc":[{"id":"1.150019011","rc":[{"ltp":1.39,"id":2923342},{"ltp":3.75,"id":5611697}]}]}
{"op":"mcm","clk":"7735667548","pt":1540399377374,"mc":[{"id":"1.150019011","rc":[{"ltp":1.3,"id":2923342},{"ltp":4.3,"id":5611697}]}]}
{"op":"mcm","clk":"7735674010","pt":1540399437389,"mc":[{"id":"1.150019011","rc":[{"ltp":1.51,"id":2923342},{"ltp":2.98,"id":5611697}]}]}
{"op":"mcm","clk":"7735685603","pt":1540399557418,"mc":[{"id":"1.150019011","rc":[{"ltp":1.67,"id":2923342},{"ltp":2.5,"id":5611697}]}]}
{"op":"mcm","clk":"7735691100","pt":1540399617107,"mc":[{"id":"1.150019011","rc":[{"ltp":1.54,"id":2923342},{"ltp":2.8,"id":5611697}]}]}
{"op":"mcm","clk":"7735696400","pt":1540399676815,"mc":[{"id":"1.150019011","rc":[{"ltp":1.78,"id":2923342},{"ltp":2.28,"id":5611697}]}]}
{"op":"mcm","clk":"7735701822","pt":1540399736956,"mc":[{"id":"1.150019011","rc":[{"ltp":1.35,"id":2923342},{"ltp":4.0,"id":5611697}]}]}
{"op":"mcm","clk":"7735707740","pt":1540399797381,"mc":[{"id":"1.150019011","rc":[{"ltp":1.2,"id":2923342},{"ltp":6.6,"id":5611697}]}]}
{"op":"mcm","clk":"7735713145","pt":1540399857349,"mc":[{"id":"1.150019011","rc":[{"ltp":1.12,"id":2923342},{"ltp":8.8,"id":5611697}]}]}
{"op":"mcm","clk":"7735719165","pt":1540399917341,"mc":[{"id":"1.150019011","rc":[{"ltp":1.03,"id":2923342},{"ltp":34.0,"id":5611697}]}]}
{"op":"mcm","clk":"7735733330","pt":1540399947477,"mc":[{"id":"1.150019011","marketDefinition":{"bspMarket":false,"turnInPlayEnabled":true,"persistenceEnabled":true,"marketBaseRate":5.0,"eventId":"28970602","eventTypeId":"2","numberOfWinners":1,"bettingType":"ODDS","marketType":"MATCH_ODDS","marketTime":"2018-10-24T14:15:00.000Z","suspendTime":"2018-10-24T14:15:00.000Z","bspReconciled":false,"complete":true,"inPlay":true,"crossMatching":true,"runnersVoidable":false,"numberOfActiveRunners":2,"betDelay":5,"status":"SUSPENDED","runners":[{"status":"ACTIVE","sortPriority":1,"id":2923342,"name":"Sloane Stephens"},{"status":"ACTIVE","sortPriority":2,"id":5611697,"name":"Kiki Bertens"}],"regulators":["MR_INT"],"countryCode":"SG","discountAllowed":true,"timezone":"UTC","openDate":"2018-10-24T14:15:00.000Z","version":2473670354,"name":"Match Odds","eventName":"Stephens v Bertens"},"rc":[{"ltp":1.02,"id":2923342},{"ltp":50.0,"id":5611697}]}]}
{"op":"mcm","clk":"7735739251","pt":1540400014199,"mc":[{"id":"1.150019011","marketDefinition":{"bspMarket":false,"turnInPlayEnabled":true,"persistenceEnabled":true,"marketBaseRate":5.0,"eventId":"28970602","eventTypeId":"2","numberOfWinners":1,"bettingType":"ODDS","marketType":"MATCH_ODDS","marketTime":"2018-10-24T14:15:00.000Z","suspendTime":"2018-10-24T14:15:00.000Z","bspReconciled":false,"complete":true,"inPlay":true,"crossMatching":false,"runnersVoidable":false,"numberOfActiveRunners":0,"betDelay":5,"status":"CLOSED","settledTime":"2018-10-24T16:52:58.000Z","runners":[{"status":"WINNER","sortPriority":1,"id":2923342,"name":"Sloane Stephens"},{"status":"LOSER","sortPriority":2,"id":5611697,"name":"Kiki Bertens"}],"regulators":["MR_INT"],"countryCode":"SG","discountAllowed":true,"timezone":"UTC","openDate":"2018-10-24T14:15:00.000Z","version":2473673782,"name":"Match Odds","eventName":"Stephens v Bertens"}}]}
