{"op":"mcm","clk":"7810872894","pt":1540592981661,"mc":[{"id":"1.150288484","marketDefinition":{"bspMarket":false,"turnInPlayEnabled":true,"persistenceEnabled":true,"marketBaseRate":5.0,"eventId":"28978322","eventTypeId":"2","numberOfWinners":1,"bettingType":"ODDS","marketType":"MATCH_ODDS","marketTime":"2018-10-27T14:00:00.000Z","suspendTime":"2018-10-27T14:00:00.000Z","bspReconciled":false,"complete":true,"inPlay":false,"crossMatching":true,"runnersVoidable":false,"numberOfActiveRunners":2,"betDelay":0,"status":"OPEN","runners":[{"status":"ACTIVE","sortPriority":1,"id":2251402,"name":"Roger Federer"},{"status":"ACTIVE","sortPriority":2,"id":19924831,"name":"Daniil Medvedev"}],"regulators":["MR_INT"],"countryCode":"CH","discountAllowed":true,"timezone":"UTC","openDate":"2018-10-27T14:00:00.000Z","version":2477226896,"name":"Match Odds","eventName":"Federer v Medvedev"}}]}
{"op":"mcm","clk":"7810950425","pt":1540593821295,"mc":[{"id":"1.150288484","rc":[{"ltp":1.31,"id":2251402}]}]}
{"op":"mcm","clk":"7810955630","pt":1540593890083,"mc":[{"id":"1.150288484","rc":[{"ltp":2.92,"id":19924831},{"ltp":1.52,"id":2251402}]}]}
{"op":"mcm","clk":"7810956298","pt":1540593898649,"mc":[{"id":"1.150288484","rc":[{"ltp":2.88,"id":19924831},{"ltp":1.53,"id":2251402}]}]}
{"op":"mcm","clk":"7810962293","pt":1540593981648,"mc":[{"id":"1.150288484","rc":[{"ltp":1.31,"id":2251402}]}]}
{"op":"mcm","clk":"7811050592","pt":1540595007921,"mc":[{"id":"1.150288484","rc":[{"ltp":1.34,"id":2251402}]}]}
{"op":"mcm","clk":"7811075744","pt":1540595337594,"mc":[{"id":"1.150288484","rc":[{"ltp":3.9,"id":19924831},{"ltp":1.35,"id":2251402}]}]}
{"op":"mcm","clk":"7811151594","pt":1540596129851,"mc":[{"id":"1.150288484","rc":[{"ltp":1.34,"id":2251402}]}]}
{"op":"mcm","clk":"7811211349","pt":1540596757592,"mc":[{"id":"1.150288484","rc":[{"ltp":3.95,"id":19924831}]}]}
{"op":"mcm","clk":"7811215552","pt":1540596803985,"mc":[{"id":"1.150288484","rc":[{"ltp":1.33,"id":2251402}]}]}
{"op":"mcm","clk":"7811238281","pt":1540597125364,"mc":[{"id":"1.150288484","rc":[{"ltp":3.25,"id":19924831},{"ltp":1.45,"id":2251402}]}]}
{"op":"mcm","clk":"7811280918","pt":1540597488018,"mc":[{"id":"1.150288484","rc":[{"ltp":1.33,"id":2251402}]}]}
{"op":"mcm","clk":"7811287514","pt":1540597587960,"mc":[{"id":"1.150288484","rc":[{"ltp":3.65,"id":19924831},{"ltp":1.37,"id":2251402}]}]}
{"op":"mcm","clk":"7811292558","pt":1540597666662,"mc":[{"id":"1.150288484","rc":[{"ltp":3.7,"id":19924831}]}]}
{"op":"mcm","clk":"7811365845","pt":1540598561420,"mc":[{"id":"1.150288484","rc":[{"ltp":3.05,"id":19924831},{"ltp":1.48,"id":2251402}]}]}
{"op":"mcm","clk":"7811381864","pt":1540598858700,"mc":[{"id":"1.150288484","rc":[{"ltp":3.7,"id":19924831},{"ltp":1.37,"id":2251402}]}]}
{"op":"mcm","clk":"7811530350","pt":1540600727966,"mc":[{"id":"1.150288484","rc":[{"ltp":3.55,"id":19924831},{"ltp":1.39,"id":2251402}]}]}
{"op":"mcm","clk":"7811532592","pt":1540600773164,"mc":[{"id":"1.150288484","rc":[{"ltp":3.7,"id":19924831}]}]}
{"op":"mcm","clk":"7811647175","pt":1540602457464,"mc":[{"id":"1.150288484","rc":[{"ltp":3.65,"id":19924831},{"ltp":1.37,"id":2251402}]}]}
{"op":"mcm","clk":"7811688775","pt":1540602871786,"mc":[{"id":"1.150288484","rc":[{"ltp":3.4,"id":19924831}]}]}
{"op":"mcm","clk":"7811789353","pt":1540604026297,"mc":[{"id":"1.150288484","rc":[{"ltp":3.65,"id":19924831}]}]}
{"op":"mcm","clk":"7811888854","pt":1540605344431,"mc":[{"id":"1.150288484","rc":[{"ltp":3.4,"id":19924831},{"ltp":1.41,"id":2251402}]}]}
{"op":"mcm","clk":"7812221587","pt":1540608945140,"mc":[{"id":"1.150288484","rc":[{"ltp":3.5,"id":19924831}]}]}
{"op":"mcm","clk":"7812262314","pt":1540609223385,"mc":[{"id":"1.150288484","rc":[{"ltp":1.38,"id":2251402}]}]}
{"op":"mcm","clk":"7812266522","pt":1540609286558,"mc":[{"id":"1.150288484","rc":[{"ltp":1.4,"id":2251402}]}]}
{"op":"mcm","clk":"7812368498","pt":1540610606105,"mc":[{"id":"1.150288484","rc":[{"ltp":3.45,"id":19924831}]}]}
{"op":"mcm","clk":"7812425602","pt":1540611159760,"mc":[{"id":"1.150288484","rc":[{"ltp":3.4,"id":19924831}]}]}
{"op":"mcm","clk":"7812452874","pt":1540611581491,"mc":[{"id":"1.150288484","rc":[{"ltp":1.41,"id":2251402}]}]}
{"op":"mcm","clk":"7812485970","pt":1540611830286,"mc":[{"id":"1.150288484","rc":[{"ltp":3.55,"id":19924831},{"ltp":1.39,"id":2251402}]}]}
{"op":"mcm","clk":"7812500893","pt":1540612057939,"mc":[{"id":"1.150288484","rc":[{"ltp":1.38,"id":2251402}]}]}
{"op":"mcm","clk":"7812565993","pt":1540612829269,"mc":[{"id":"1.150288484","rc":[{"ltp":1.39,"id":2251402}]}]}
{"op":"mcm","clk":"7812968360","pt":1540616747702,"mc":[{"id":"1.150288484","rc":[{"ltp":1.38,"id":2251402}]}]}
{"op":"mcm","clk":"7813070857","pt":1540617753841,"mc":[{"id":"1.150288484","rc":[{"ltp":1.39,"id":2251402}]}]}
{"op":"mcm","clk":"7813148176","pt":1540618447367,"mc":[{"id":"1.150288484","rc":[{"ltp":1.4,"id":2251402}]}]}
{"op":"mcm","clk":"7813238220","pt":1540619291786,"mc":[{"id":"1.150288484","rc":[{"ltp":3.5,"id":19924831}]}]}
{"op":"mcm","clk":"7813334426","pt":1540620225972,"mc":[{"id":"1.150288484","rc":[{"ltp":1.38,"id":2251402}]}]}
{"op":"mcm","clk":"7813368191","pt":1540620622187,"mc":[{"id":"1.150288484","rc":[{"ltp":3.55,"id":19924831},{"ltp":1.39,"id":2251402}]}]}
{"op":"mcm","clk":"7813503943","pt":1540621901794,"mc":[{"id":"1.150288484","rc":[{"ltp":1.38,"id":2251402}]}]}
{"op":"mcm","clk":"7813580183","pt":1540622556004,"mc":[{"id":"1.150288484","rc":[{"ltp":3.6,"id":19924831}]}]}
{"op":"mcm","clk":"7813605578","pt":1540622867126,"mc":[{"id":"1.150288484","rc":[{"ltp":1.37,"id":2251402}]}]}
{"op":"mcm","clk":"7813629646","pt":1540623157550,"mc":[{"id":"1.150288484","rc":[{"ltp":3.55,"id":19924831},{"ltp":1.38,"id":2251402}]}]}
{"op":"mcm","clk":"7813709186","pt":1540623796131,"mc":[{"id":"1.150288484","rc":[{"ltp":1.39,"id":2251402}]}]}
{"op":"mcm","clk":"7814037556","pt":1540626642990,"mc":[{"id":"1.150288484","rc":[{"ltp":1.38,"id":2251402}]}]}
{"op":"mcm","clk":"7814049299","pt":1540626754787,"mc":[{"id":"1.150288484","rc":[{"ltp":3.6,"id":19924831}]}]}
{"op":"mcm","clk":"7814054323","pt":1540626798593,"mc":[{"id":"1.150288484","rc":[{"ltp":1.39,"id":2251402}]}]}
{"op":"mcm","clk":"7814175793","pt":1540627716964,"mc":[{"id":"1.150288484","rc":[{"ltp":1.38,"id":2251402}]}]}
{"op":"mcm","clk":"7814244646","pt":1540628106060,"mc":[{"id":"1.150288484","rc":[{"ltp":3.65,"id":19924831}]}]}
{"op":"mcm","clk":"7814265804","pt":1540628265366,"mc":[{"id":"1.150288484","rc":[{"ltp":1.39,"id":2251402}]}]}
{"op":"mcm","clk":"7814295149","pt":1540628506205,"mc":[{"id":"1.150288484","rc":[{"ltp":3.6,"id":19924831},{"ltp":1.38,"id":2251402}]}]}
{"op":"mcm","clk":"7814372680","pt":1540629038439,"mc":[{"id":"1.150288484","rc":[{"ltp":1.39,"id":2251402}]}]}
{"op":"mcm","clk":"7814413407","pt":1540629355093,"mc":[{"id":"1.150288484","rc":[{"ltp":3.55,"id":19924831}]}]}
{"op":"mcm","clk":"7814538720","pt":1540630173778,"mc":[{"id":"1.150288484","rc":[{"ltp":1.38,"id":2251402}]}]}
{"op":"mcm","clk":"7814563404","pt":1540630361959,"mc":[{"id":"1.150288484","rc":[{"ltp":3.6,"id":19924831}]}]}
{"op":"mcm","clk":"7814592597","pt":1540630602667,"mc":[{"id":"1.150288484","rc":[{"ltp":1.39,"id":2251402}]}]}
{"op":"mcm","clk":"7814959865","pt":1540632809014,"mc":[{"id":"1.150288484","rc":[{"ltp":3.55,"id":19924831}]}]}
{"op":"mcm","clk":"7815202387","pt":1540634267949,"mc":[{"id":"1.150288484","rc":[{"ltp":3.5,"id":19924831},{"ltp":1.4,"id":2251402}]}]}
{"op":"mcm","clk":"7815205188","pt":1540634287678,"mc":[{"id":"1.150288484","rc":[{"ltp":1.39,"id":2251402}]}]}
{"op":"mcm","clk":"7815215487","pt":1540634365351,"mc":[{"id":"1.150288484","rc":[{"ltp":3.55,"id":19924831}]}]}
{"op":"mcm","clk":"7815266884","pt":1540634688932,"mc":[{"id":"1.150288484","rc":[{"ltp":1.4,"id":2251402}]}]}
{"op":"mcm","clk":"7815412752","pt":1540635343227,"mc":[{"id":"1.150288484","rc":[{"ltp":3.45,"id":19924831}]}]}
{"op":"mcm","clk":"7815470142","pt":1540635643086,"mc":[{"id":"1.150288484","rc":[{"ltp":1.41,"id":2251402}]}]}
{"op":"mcm","clk":"7815527482","pt":1540635949139,"mc":[{"id":"1.150288484","rc":[{"ltp":1.39,"id":2251402}]}]}
{"op":"mcm","clk":"7815587902","pt":1540636189483,"mc":[{"id":"1.150288484","rc":[{"ltp":1.41,"id":2251402}]}]}
{"op":"mcm","clk":"7815788995","pt":1540637145885,"mc":[{"id":"1.150288484","rc":[{"ltp":1.4,"id":2251402}]}]}
{"op":"mcm","clk":"7815847898","pt":1540637499789,"mc":[{"id":"1.150288484","rc":[{"ltp":3.4,"id":19924831},{"ltp":1.41,"id":2251402}]}]}
{"op":"mcm","clk":"7815850205","pt":1540637514780,"mc":[{"id":"1.150288484","rc":[{"ltp":1.4,"id":2251402}]}]}
{"op":"mcm","clk":"7816078169","pt":1540638704949,"mc":[{"id":"1.150288484","rc":[{"ltp":3.55,"id":19924831}]}]}
{"op":"mcm","clk":"7816132446","pt":1540638888362,"mc":[{"id":"1.150288484","rc":[{"ltp":3.5,"id":19924831}]}]}
{"op":"mcm","clk":"7816151891","pt":1540638992678,"mc":[{"id":"1.150288484","rc":[{"ltp":1.41,"id":2251402}]}]}
{"op":"mcm","clk":"7816166077","pt":1540639068926,"mc":[{"id":"1.150288484","rc":[{"ltp":3.45,"id":19924831}]}]}
{"op":"mcm","clk":"7816169839","pt":1540639088667,"mc":[{"id":"1.150288484","rc":[{"ltp":3.5,"id":19924831},{"ltp":1.4,"id":2251402}]}]}
{"op":"mcm","clk":"7816253604","pt":1540639536368,"mc":[{"id":"1.150288484","rc":[{"ltp":1.39,"id":2251402}]}]}
{"op":"mcm","clk":"7816261416","pt":1540639574768,"mc":[{"id":"1.150288484","rc":[{"ltp":3.55,"id":19924831}]}]}
{"op":"mcm","clk":"7816311559","pt":1540639758414,"mc":[{"id":"1.150288484","rc":[{"ltp":1.4,"id":2251402}]}]}
{"op":"mcm","clk":"7816339535","pt":1540639906358,"mc":[{"id":"1.150288484","rc":[{"ltp":3.5,"id":19924831}]}]}
{"op":"mcm","clk":"7816487041","pt":1540640620479,"mc":[{"id":"1.150288484","rc":[{"ltp":1.39,"id":2251402}]}]}
{"op":"mcm","clk":"7816543813","pt":1540640927244,"mc":[{"id":"1.150288484","rc":[{"ltp":1.4,"id":2251402}]}]}
{"op":"mcm","clk":"7816566949","pt":1540641085703,"mc":[{"id":"1.150288484","rc":[{"ltp":3.45,"id":19924831}]}]}
{"op":"mcm","clk":"7816578389","pt":1540641159482,"mc":[{"id":"1.150288484","rc":[{"ltp":1.41,"id":2251402}]}]}
{"op":"mcm","clk":"7816673768","pt":1540641650325,"mc":[{"id":"1.150288484","rc":[{"ltp":3.5,"id":19924831},{"ltp":1.4,"id":2251402}]}]}
{"op":"mcm","clk":"7816753051","pt":1540642062850,"mc":[{"id":"1.150288484","rc":[{"ltp":1.41,"id":2251402}]}]}
{"op":"mcm","clk":"7816765184","pt":1540642127121,"mc":[{"id":"1.150288484","rc":[{"ltp":3.45,"id":19924831}]}]}
{"op":"mcm","clk":"7816787308","pt":1540642241643,"mc":[{"id":"1.150288484","rc":[{"ltp":1.42,"id":2251402}]}]}
{"op":"mcm","clk":"7816828430","pt":1540642365175,"mc":[{"id":"1.150288484","rc":[{"ltp":1.41,"id":2251402}]}]}
{"op":"mcm","clk":"7816839130","pt":1540642418379,"mc":[{"id":"1.150288484","rc":[{"ltp":1.42,"id":2251402}]}]}
{"op":"mcm","clk":"7816853963","pt":1540642489386,"mc":[{"id":"1.150288484","rc":[{"ltp":3.4,"id":19924831}]}]}
{"op":"mcm","clk":"7816864880","pt":1540642543438,"mc":[{"id":"1.150288484","rc":[{"ltp":3.35,"id":19924831}]}]}
{"op":"mcm","clk":"7816923327","pt":1540642837172,"mc":[{"id":"1.150288484","rc":[{"ltp":1.41,"id":2251402}]}]}
{"op":"mcm","clk":"7816984060","pt":1540643143503,"mc":[{"id":"1.150288484","rc":[{"ltp":3.4,"id":19924831},{"ltp":1.42,"id":2251402}]}]}
{"op":"mcm","clk":"7817186469","pt":1540643988869,"mc":[{"id":"1.150288484","rc":[{"ltp":3.35,"id":19924831}]}]}
{"op":"mcm","clk":"7817198555","pt":1540644043882,"mc":[{"id":"1.150288484","rc":[{"ltp":1.43,"id":2251402}]}]}
{"op":"mcm","clk":"7817242493","pt":1540644169999,"mc":[{"id":"1.150288484","rc":[{"ltp":1.42,"id":2251402}]}]}
{"op":"mcm","clk":"7817267655","pt":1540644285519,"mc":[{"id":"1.150288484","rc":[{"ltp":3.4,"id":19924831},{"ltp":1.43,"id":2251402}]}]}
{"op":"mcm","clk":"7817305491","pt":1540644462009,"mc":[{"id":"1.150288484","rc":[{"ltp":1.42,"id":2251402}]}]}
{"op":"mcm","clk":"7817398828","pt":1540644948258,"mc":[{"id":"1.150288484","rc":[{"ltp":3.5,"id":19924831},{"ltp":1.41,"id":2251402}]}]}
{"op":"mcm","clk":"7817410152","pt":1540645007320,"mc":[{"id":"1.150288484","rc":[{"ltp":1.4,"id":2251402}]}]}
{"op":"mcm","clk":"7817459279","pt":1540645184975,"mc":[{"id":"1.150288484","rc":[{"ltp":3.45,"id":19924831}]}]}
{"op":"mcm","clk":"7817627501","pt":1540645903026,"mc":[{"id":"1.150288484","rc":[{"ltp":3.5,"id":19924831}]}]}
{"op":"mcm","clk":"7817800501","pt":1540646504745,"mc":[{"id":"1.150288484","rc":[{"ltp":1.41,"id":2251402}]}]}
{"op":"mcm","clk":"7817839096","pt":1540646662976,"mc":[{"id":"1.150288484","rc":[{"ltp":3.45,"id":19924831}]}]}
{"op":"mcm","clk":"7817851233","pt":1540646711622,"mc":[{"id":"1.150288484","rc":[{"ltp":3.5,"id":19924831},{"ltp":1.4,"id":2251402}]}]}
{"op":"mcm","clk":"7817936780","pt":1540646983775,"mc":[{"id":"1.150288484","rc":[{"ltp":1.39,"id":2251402}]}]}
{"op":"mcm","clk":"7817968672","pt":1540647105743,"mc":[{"id":"1.150288484","rc":[{"ltp":1.4,"id":2251402}]}]}
{"op":"mcm","clk":"7818016787","pt":1540647287111,"mc":[{"id":"1.150288484","rc":[{"ltp":3.4,"id":19924831}]}]}
{"op":"mcm","clk":"7818114407","pt":1540647650201,"mc":[{"id":"1.150288484","rc":[{"ltp":1.39,"id":2251402}]}]}
{"op":"mcm","clk":"7818162476","pt":1540647765859,"mc":[{"id":"1.150288484","rc":[{"ltp":3.5,"id":19924831}]}]}
{"op":"mcm","clk":"7818180020","pt":1540647829501,"mc":[{"id":"1.150288484","rc":[{"ltp":1.4,"id":2251402}]}]}
{"op":"mcm","clk":"7818195623","pt":1540647890354,"mc":[{"id":"1.150288484","rc":[{"ltp":3.55,"id":19924831}]}]}
{"op":"mcm","clk":"7818205817","pt":1540647927838,"mc":[{"id":"1.150288484","rc":[{"ltp":1.39,"id":2251402}]}]}
{"op":"mcm","clk":"7818226602","pt":1540648004241,"mc":[{"id":"1.150288484","rc":[{"ltp":1.4,"id":2251402}]}]}
{"op":"mcm","clk":"7818242230","pt":1540648066612,"mc":[{"id":"1.150288484","rc":[{"ltp":3.45,"id":19924831}]}]}
{"op":"mcm","clk":"7818269180","pt":1540648184058,"mc":[{"id":"1.150288484","rc":[{"ltp":3.5,"id":19924831}]}]}
{"op":"mcm","clk":"7818306676","pt":1540648369852,"mc":[{"id":"1.150288484","rc":[{"ltp":3.55,"id":19924831}]}]}
{"op":"mcm","clk":"7818317112","pt":1540648430318,"mc":[{"id":"1.150288484","rc":[{"ltp":3.5,"id":19924831},{"ltp":1.39,"id":2251402}]}]}
{"op":"mcm","clk":"7818328000","pt":1540648490187,"mc":[{"id":"1.150288484","rc":[{"ltp":3.55,"id":19924831}]}]}
{"op":"mcm","clk":"7818336534","pt":1540648533385,"mc":[{"id":"1.150288484","rc":[{"ltp":1.4,"id":2251402}]}]}
{"op":"mcm","clk":"7818379670","pt":1540648666413,"mc":[{"id":"1.150288484","rc":[{"ltp":3.5,"id":19924831},{"ltp":1.39,"id":2251402}]}]}
{"op":"mcm","clk":"7818391468","pt":1540648726715,"mc":[{"id":"1.150288484","marketDefinition":{"bspMarket":false,"turnInPlayEnabled":true,"persistenceEnabled":true,"marketBaseRate":5.0,"eventId":"28978322","eventTypeId":"2","numberOfWinners":1,"bettingType":"ODDS","marketType":"MATCH_ODDS","marketTime":"2018-10-27T14:15:00.000Z","suspendTime":"2018-10-27T14:15:00.000Z","bspReconciled":false,"complete":true,"inPlay":false,"crossMatching":true,"runnersVoidable":false,"numberOfActiveRunners":2,"betDelay":0,"status":"OPEN","runners":[{"status":"ACTIVE","sortPriority":1,"id":2251402,"name":"Roger Federer"},{"status":"ACTIVE","sortPriority":2,"id":19924831,"name":"Daniil Medvedev"}],"regulators":["MR_INT"],"countryCode":"CH","discountAllowed":true,"timezone":"UTC","openDate":"2018-10-27T14:15:00.000Z","version":2478643170,"name":"Match Odds","eventName":"Federer v Medvedev"}}]}
{"op":"mcm","clk":"7818402086","pt":1540648777239,"mc":[{"id":"1.150288484","rc":[{"ltp":3.55,"id":19924831},{"ltp":1.4,"id":2251402}]}]}
{"op":"mcm","clk":"7818416517","pt":1540648839452,"mc":[{"id":"1.150288484","rc":[{"ltp":1.39,"id":2251402}]}]}
{"op":"mcm","clk":"7818430280","pt":1540648900672,"mc":[{"id":"1.150288484","rc":[{"ltp":1.4,"id":2251402}]}]}
{"op":"mcm","clk":"7818442957","pt":1540648953067,"mc":[{"id":"1.150288484","rc":[{"ltp":1.39,"id":2251402}]}]}
{"op":"mcm","clk":"7818459377","pt":1540649019104,"mc":[{"id":"1.150288484","rc":[{"ltp":1.4,"id":2251402}]}]}
{"op":"mcm","clk":"7818493831","pt":1540649141722,"mc":[{"id":"1.150288484","rc":[{"ltp":1.39,"id":2251402}]}]}
{"op":"mcm","clk":"7818514795","pt":1540649210101,"mc":[{"id":"1.150288484","rc":[{"ltp":1.4,"id":2251402}]}]}
{"op":"mcm","clk":"7818527357","pt":1540649252457,"mc":[{"id":"1.150288484","rc":[{"ltp":1.39,"id":2251402}]}]}
{"op":"mcm","clk":"7818585625","pt":1540649442250,"mc":[{"id":"1.150288484","rc":[{"ltp":1.4,"id":2251402}]}]}
{"op":"mcm","clk":"7818604999","pt":1540649505859,"mc":[{"id":"1.150288484","rc":[{"ltp":1.39,"id":2251402}]}]}
{"op":"mcm","clk":"7818639503","pt":1540649566131,"mc":[{"id":"1.150288484","rc":[{"ltp":3.45,"id":19924831},{"ltp":1.4,"id":2251402}]}]}
{"op":"mcm","clk":"7818659308","pt":1540649630276,"mc":[{"id":"1.150288484","marketDefinition":{"bspMarket":false,"turnInPlayEnabled":true,"persistenceEnabled":true,"marketBaseRate":5.0,"eventId":"28978322","eventTypeId":"2","numberOfWinners":1,"bettingType":"ODDS","marketType":"MATCH_ODDS","marketTime":"2018-10-27T14:30:00.000Z","suspendTime":"2018-10-27T14:30:00.000Z","bspReconciled":false,"complete":true,"inPlay":false,"crossMatching":true,"runnersVoidable":false,"numberOfActiveRunners":2,"betDelay":0,"status":"OPEN","runners":[{"status":"ACTIVE","sortPriority":1,"id":2251402,"name":"Roger Federer"},{"status":"ACTIVE","sortPriority":2,"id":19924831,"name":"Daniil Medvedev"}],"regulators":["MR_INT"],"countryCode":"CH","discountAllowed":true,"timezone":"UTC","openDate":"2018-10-27T14:30:00.000Z","version":2478819186,"name":"Match Odds","eventName":"Federer v Medvedev"},"rc":[{"ltp":3.5,"id":19924831}]}]}
{"op":"mcm","clk":"7818677273","pt":1540649687744,"mc":[{"id":"1.150288484","rc":[{"ltp":3.45,"id":19924831}]}]}
{"op":"mcm","clk":"7818696489","pt":1540649750420,"mc":[{"id":"1.150288484","rc":[{"ltp":1.41,"id":2251402}]}]}
{"op":"mcm","clk":"7818749761","pt":1540649927126,"mc":[{"id":"1.150288484","rc":[{"ltp":1.4,"id":2251402}]}]}
{"op":"mcm","clk":"7818767670","pt":1540649988688,"mc":[{"id":"1.150288484","rc":[{"ltp":1.41,"id":2251402}]}]}
{"op":"mcm","clk":"7818822941","pt":1540650173989,"mc":[{"id":"1.150288484","rc":[{"ltp":1.4,"id":2251402}]}]}
{"op":"mcm","clk":"7818889186","pt":1540650403275,"mc":[{"id":"1.150288484","rc":[{"ltp":3.4,"id":19924831},{"ltp":1.41,"id":2251402}]}]}
{"op":"mcm","clk":"7818941162","pt":1540650529434,"mc":[{"id":"1.150288484","marketDefinition":{"bspMarket":false,"turnInPlayEnabled":true,"persistenceEnabled":true,"marketBaseRate":5.0,"eventId":"28978322","eventTypeId":"2","numberOfWinners":1,"bettingType":"ODDS","marketType":"MATCH_ODDS","marketTime":"2018-10-27T14:45:00.000Z","suspendTime":"2018-10-27T14:45:00.000Z","bspReconciled":false,"complete":true,"inPlay":false,"crossMatching":true,"runnersVoidable":false,"numberOfActiveRunners":2,"betDelay":0,"status":"OPEN","runners":[{"status":"ACTIVE","sortPriority":1,"id":2251402,"name":"Roger Federer"},{"status":"ACTIVE","sortPriority":2,"id":19924831,"name":"Daniil Medvedev"}],"regulators":["MR_INT"],"countryCode":"CH","discountAllowed":true,"timezone":"UTC","openDate":"2018-10-27T14:45:00.000Z","version":2478899876,"name":"Match Odds","eventName":"Federer v Medvedev"},"rc":[{"ltp":1.4,"id":2251402}]}]}
{"op":"mcm","clk":"7819075972","pt":1540650983185,"mc":[{"id":"1.150288484","rc":[{"ltp":1.41,"id":2251402}]}]}
{"op":"mcm","clk":"7819146679","pt":1540651234006,"mc":[{"id":"1.150288484","rc":[{"ltp":1.4,"id":2251402}]}]}
{"op":"mcm","clk":"7819196550","pt":1540651356399,"mc":[{"id":"1.150288484","rc":[{"ltp":3.55,"id":19924831}]}]}
{"op":"mcm","clk":"7819218724","pt":1540651430287,"mc":[{"id":"1.150288484","marketDefinition":{"bspMarket":false,"turnInPlayEnabled":true,"persistenceEnabled":true,"marketBaseRate":5.0,"eventId":"28978322","eventTypeId":"2","numberOfWinners":1,"bettingType":"ODDS","marketType":"MATCH_ODDS","marketTime":"2018-10-27T15:00:00.000Z","suspendTime":"2018-10-27T15:00:00.000Z","bspReconciled":false,"complete":true,"inPlay":false,"crossMatching":true,"runnersVoidable":false,"numberOfActiveRunners":2,"betDelay":0,"status":"OPEN","runners":[{"status":"ACTIVE","sortPriority":1,"id":2251402,"name":"Roger Federer"},{"status":"ACTIVE","sortPriority":2,"id":19924831,"name":"Daniil Medvedev"}],"regulators":["MR_INT"],"countryCode":"CH","discountAllowed":true,"timezone":"UTC","openDate":"2018-10-27T15:00:00.000Z","version":2478981879,"name":"Match Odds","eventName":"Federer v Medvedev"},"rc":[{"ltp":3.45,"id":19924831}]}]}
{"op":"mcm","clk":"7819234669","pt":1540651489658,"mc":[{"id":"1.150288484","rc":[{"ltp":3.5,"id":19924831}]}]}
{"op":"mcm","clk":"7819250802","pt":1540651547844,"mc":[{"id":"1.150288484","rc":[{"ltp":1.41,"id":2251402}]}]}
{"op":"mcm","clk":"7819283021","pt":1540651664632,"mc":[{"id":"1.150288484","rc":[{"ltp":1.4,"id":2251402}]}]}
{"op":"mcm","clk":"7819293274","pt":1540651705404,"mc":[{"id":"1.150288484","rc":[{"ltp":1.41,"id":2251402}]}]}
{"op":"mcm","clk":"7819336391","pt":1540651898794,"mc":[{"id":"1.150288484","rc":[{"ltp":1.4,"id":2251402}]}]}
{"op":"mcm","clk":"7819360412","pt":1540652021222,"mc":[{"id":"1.150288484","rc":[{"ltp":3.45,"id":19924831}]}]}
{"op":"mcm","clk":"7819373065","pt":1540652089776,"mc":[{"id":"1.150288484","rc":[{"ltp":3.55,"id":19924831}]}]}
{"op":"mcm","clk":"7819382514","pt":1540652141538,"mc":[{"id":"1.150288484","rc":[{"ltp":1.39,"id":2251402}]}]}
{"op":"mcm","clk":"7819393418","pt":1540652207989,"mc":[{"id":"1.150288484","rc":[{"ltp":3.5,"id":19924831}]}]}
{"op":"mcm","clk":"7819427699","pt":1540652324644,"mc":[{"id":"1.150288484","marketDefinition":{"bspMarket":false,"turnInPlayEnabled":true,"persistenceEnabled":true,"marketBaseRate":5.0,"eventId":"28978322","eventTypeId":"2","numberOfWinners":1,"bettingType":"ODDS","marketType":"MATCH_ODDS","marketTime":"2018-10-27T15:15:00.000Z","suspendTime":"2018-10-27T15:15:00.000Z","bspReconciled":false,"complete":true,"inPlay":false,"crossMatching":true,"runnersVoidable":false,"numberOfActiveRunners":2,"betDelay":0,"status":"OPEN","runners":[{"status":"ACTIVE","sortPriority":1,"id":2251402,"name":"Roger Federer"},{"status":"ACTIVE","sortPriority":2,"id":19924831,"name":"Daniil Medvedev"}],"regulators":["MR_INT"],"countryCode":"CH","discountAllowed":true,"timezone":"UTC","openDate":"2018-10-27T15:15:00.000Z","version":2479064786,"name":"Match Odds","eventName":"Federer v Medvedev"}}]}
{"op":"mcm","clk":"7819438507","pt":1540652388218,"mc":[{"id":"1.150288484","rc":[{"ltp":3.55,"id":19924831}]}]}
{"op":"mcm","clk":"7819461465","pt":1540652503696,"mc":[{"id":"1.150288484","rc":[{"ltp":3.5,"id":19924831}]}]}
{"op":"mcm","clk":"7819525368","pt":1540652777078,"mc":[{"id":"1.150288484","rc":[{"ltp":1.4,"id":2251402}]}]}
{"op":"mcm","clk":"7819600819","pt":1540653043492,"mc":[{"id":"1.150288484","rc":[{"ltp":1.39,"id":2251402}]}]}
{"op":"mcm","clk":"7819618618","pt":1540653108854,"mc":[{"id":"1.150288484","rc":[{"ltp":1.4,"id":2251402}]}]}
{"op":"mcm","clk":"7819667619","pt":1540653230280,"mc":[{"id":"1.150288484","marketDefinition":{"bspMarket":false,"turnInPlayEnabled":true,"persistenceEnabled":true,"marketBaseRate":5.0,"eventId":"28978322","eventTypeId":"2","numberOfWinners":1,"bettingType":"ODDS","marketType":"MATCH_ODDS","marketTime":"2018-10-27T15:30:00.000Z","suspendTime":"2018-10-27T15:30:00.000Z","bspReconciled":false,"complete":true,"inPlay":false,"crossMatching":true,"runnersVoidable":false,"numberOfActiveRunners":2,"betDelay":0,"status":"OPEN","runners":[{"status":"ACTIVE","sortPriority":1,"id":2251402,"name":"Roger Federer"},{"status":"ACTIVE","sortPriority":2,"id":19924831,"name":"Daniil Medvedev"}],"regulators":["MR_INT"],"countryCode":"CH","discountAllowed":true,"timezone":"UTC","openDate":"2018-10-27T15:30:00.000Z","version":2479164867,"name":"Match Odds","eventName":"Federer v Medvedev"},"rc":[{"ltp":3.4,"id":19924831},{"ltp":1.41,"id":2251402}]}]}
{"op":"mcm","clk":"7819669529","pt":1540653236561,"mc":[{"id":"1.150288484","rc":[{"ltp":1.4,"id":2251402}]}]}
{"op":"mcm","clk":"7819718405","pt":1540653410163,"mc":[{"id":"1.150288484","rc":[{"ltp":3.55,"id":19924831},{"ltp":1.39,"id":2251402}]}]}
{"op":"mcm","clk":"7819734568","pt":1540653469288,"mc":[{"id":"1.150288484","rc":[{"ltp":3.6,"id":19924831}]}]}
{"op":"mcm","clk":"7819782565","pt":1540653649906,"mc":[{"id":"1.150288484","rc":[{"ltp":1.38,"id":2251402}]}]}
{"op":"mcm","clk":"7819798191","pt":1540653709901,"mc":[{"id":"1.150288484","rc":[{"ltp":3.55,"id":19924831}]}]}
{"op":"mcm","clk":"7819830378","pt":1540653830347,"mc":[{"id":"1.150288484","marketDefinition":{"bspMarket":false,"turnInPlayEnabled":true,"persistenceEnabled":true,"marketBaseRate":5.0,"eventId":"28978322","eventTypeId":"2","numberOfWinners":1,"bettingType":"ODDS","marketType":"MATCH_ODDS","marketTime":"2018-10-27T15:19:00.000Z","suspendTime":"2018-10-27T15:19:00.000Z","bspReconciled":false,"complete":true,"inPlay":false,"crossMatching":true,"runnersVoidable":false,"numberOfActiveRunners":2,"betDelay":0,"status":"OPEN","runners":[{"status":"ACTIVE","sortPriority":1,"id":2251402,"name":"Roger Federer"},{"status":"ACTIVE","sortPriority":2,"id":19924831,"name":"Daniil Medvedev"}],"regulators":["MR_INT"],"countryCode":"CH","discountAllowed":true,"timezone":"UTC","openDate":"2018-10-27T15:19:00.000Z","version":2479209341,"name":"Match Odds","eventName":"Federer v Medvedev"},"rc":[{"ltp":1.39,"id":2251402}]}]}
{"op":"mcm","clk":"7819845189","pt":1540653886863,"mc":[{"id":"1.150288484","rc":[{"ltp":3.6,"id":19924831},{"ltp":1.38,"id":2251402}]}]}
{"op":"mcm","clk":"7819941499","pt":1540654189812,"mc":[{"id":"1.150288484","rc":[{"ltp":3.65,"id":19924831},{"ltp":1.37,"id":2251402}]}]}
{"op":"mcm","clk":"7819974252","pt":1540654310040,"mc":[{"id":"1.150288484","rc":[{"ltp":3.7,"id":19924831}]}]}
{"op":"mcm","clk":"7819990257","pt":1540654369270,"mc":[{"id":"1.150288484","rc":[{"ltp":3.6,"id":19924831}]}]}
{"op":"mcm","clk":"7820007363","pt":1540654430075,"mc":[{"id":"1.150288484","rc":[{"ltp":3.8,"id":19924831},{"ltp":1.36,"id":2251402}]}]}
{"op":"mcm","clk":"7820056987","pt":1540654610255,"mc":[{"id":"1.150288484","rc":[{"ltp":3.85,"id":19924831},{"ltp":1.35,"id":2251402}]}]}
{"op":"mcm","clk":"7820073694","pt":1540654669689,"mc":[{"id":"1.150288484","rc":[{"ltp":3.9,"id":19924831},{"ltp":1.34,"id":2251402}]}]}
{"op":"mcm","clk":"7820090302","pt":1540654728907,"mc":[{"id":"1.150288484","rc":[{"ltp":3.95,"id":19924831}]}]}
{"op":"mcm","clk":"7820107401","pt":1540654790105,"mc":[{"id":"1.150288484","rc":[{"ltp":3.85,"id":19924831},{"ltp":1.35,"id":2251402}]}]}
{"op":"mcm","clk":"7820124724","pt":1540654849315,"mc":[{"id":"1.150288484","marketDefinition":{"bspMarket":false,"turnInPlayEnabled":true,"persistenceEnabled":true,"marketBaseRate":5.0,"eventId":"28978322","eventTypeId":"2","numberOfWinners":1,"bettingType":"ODDS","marketType":"MATCH_ODDS","marketTime":"2018-10-27T15:19:00.000Z","suspendTime":"2018-10-27T15:19:00.000Z","bspReconciled":false,"complete":true,"inPlay":true,"crossMatching":true,"runnersVoidable":false,"numberOfActiveRunners":2,"betDelay":5,"status":"OPEN","runners":[{"status":"ACTIVE","sortPriority":1,"id":2251402,"name":"Roger Federer"},{"status":"ACTIVE","sortPriority":2,"id":19924831,"name":"Daniil Medvedev"}],"regulators":["MR_INT"],"countryCode":"CH","discountAllowed":true,"timezone":"UTC","openDate":"2018-10-27T15:19:00.000Z","version":2479291009,"name":"Match Odds","eventName":"Federer v Medvedev"},"rc":[{"ltp":3.9,"id":19924831}]}]}
{"op":"mcm","clk":"7820141190","pt":1540654910377,"mc":[{"id":"1.150288484","rc":[{"ltp":3.5,"id":19924831},{"ltp":1.41,"id":2251402}]}]}
{"op":"mcm","clk":"7820171781","pt":1540654970442,"mc":[{"id":"1.150288484","rc":[{"ltp":3.6,"id":19924831},{"ltp":1.38,"id":2251402}]}]}
{"op":"mcm","clk":"7820188011","pt":1540655030169,"mc":[{"id":"1.150288484","rc":[{"ltp":4.1,"id":19924831},{"ltp":1.32,"id":2251402}]}]}
{"op":"mcm","clk":"7820203966","pt":1540655089706,"mc":[{"id":"1.150288484","rc":[{"ltp":1.34,"id":2251402}]}]}
{"op":"mcm","clk":"7820219192","pt":1540655149782,"mc":[{"id":"1.150288484","rc":[{"ltp":5.3,"id":19924831},{"ltp":1.23,"id":2251402}]}]}
{"op":"mcm","clk":"7820234368","pt":1540655210378,"mc":[{"id":"1.150288484","rc":[{"ltp":3.9,"id":19924831},{"ltp":1.33,"id":2251402}]}]}
{"op":"mcm","clk":"7820248643","pt":1540655270181,"mc":[{"id":"1.150288484","rc":[{"ltp":3.5,"id":19924831},{"ltp":1.39,"id":2251402}]}]}
{"op":"mcm","clk":"7820261785","pt":1540655329491,"mc":[{"id":"1.150288484","rc":[{"ltp":3.85,"id":19924831},{"ltp":1.33,"id":2251402}]}]}
{"op":"mcm","clk":"7820274142","pt":1540655390145,"mc":[{"id":"1.150288484","rc":[{"ltp":4.3,"id":19924831},{"ltp":1.32,"id":2251402}]}]}
{"op":"mcm","clk":"7820285964","pt":1540655450219,"mc":[{"id":"1.150288484","rc":[{"ltp":1.29,"id":2251402}]}]}
{"op":"mcm","clk":"7820297228","pt":1540655510215,"mc":[{"id":"1.150288484","rc":[{"ltp":5.5,"id":19924831},{"ltp":1.2,"id":2251402}]}]}
{"op":"mcm","clk":"7820308474","pt":1540655570295,"mc":[{"id":"1.150288484","rc":[{"ltp":6.4,"id":19924831},{"ltp":1.19,"id":2251402}]}]}
{"op":"mcm","clk":"7820319078","pt":1540655630289,"mc":[{"id":"1.150288484","rc":[{"ltp":7.6,"id":19924831},{"ltp":1.15,"id":2251402}]}]}
{"op":"mcm","clk":"7820328808","pt":1540655689811,"mc":[{"id":"1.150288484","rc":[{"ltp":8.6,"id":19924831},{"ltp":1.12,"id":2251402}]}]}
{"op":"mcm","clk":"7820339060","pt":1540655750430,"mc":[{"id":"1.150288484","rc":[{"ltp":8.8,"id":19924831}]}]}
{"op":"mcm","clk":"7820348640","pt":1540655810463,"mc":[{"id":"1.150288484","rc":[{"ltp":9.4,"id":19924831}]}]}
{"op":"mcm","clk":"7820371578","pt":1540655869722,"mc":[{"id":"1.150288484","rc":[{"ltp":10.0,"id":19924831},{"ltp":1.1,"id":2251402}]}]}
{"op":"mcm","clk":"7820380837","pt":1540655930134,"mc":[{"id":"1.150288484","rc":[{"ltp":15.5,"id":19924831},{"ltp":1.08,"id":2251402}]}]}
{"op":"mcm","clk":"7820390681","pt":1540655990373,"mc":[{"id":"1.150288484","rc":[{"ltp":13.5,"id":19924831},{"ltp":1.09,"id":2251402}]}]}
{"op":"mcm","clk":"7820401340","pt":1540656050332,"mc":[{"id":"1.150288484","rc":[{"ltp":14.5,"id":19924831},{"ltp":1.08,"id":2251402}]}]}
{"op":"mcm","clk":"7820412124","pt":1540656110366,"mc":[{"id":"1.150288484","rc":[{"ltp":15.0,"id":19924831}]}]}
{"op":"mcm","clk":"7820434405","pt":1540656230221,"mc":[{"id":"1.150288484","rc":[{"ltp":21.0,"id":19924831},{"ltp":1.05,"id":2251402}]}]}
{"op":"mcm","clk":"7820446145","pt":1540656289971,"mc":[{"id":"1.150288484","rc":[{"ltp":17.5,"id":19924831},{"ltp":1.06,"id":2251402}]}]}
{"op":"mcm","clk":"7820458681","pt":1540656350391,"mc":[{"id":"1.150288484","rc":[{"ltp":34.0,"id":19924831},{"ltp":1.03,"id":2251402}]}]}
{"op":"mcm","clk":"7820472746","pt":1540656410278,"mc":[{"id":"1.150288484","rc":[{"ltp":40.0,"id":19924831},{"ltp":1.04,"id":2251402}]}]}
{"op":"mcm","clk":"7820486068","pt":1540656470256,"mc":[{"id":"1.150288484","rc":[{"ltp":1.03,"id":2251402}]}]}
{"op":"mcm","clk":"7820499519","pt":1540656530241,"mc":[{"id":"1.150288484","rc":[{"ltp":34.0,"id":19924831},{"ltp":1.02,"id":2251402}]}]}
{"op":"mcm","clk":"7820511573","pt":1540656589677,"mc":[{"id":"1.150288484","rc":[{"ltp":80.0,"id":19924831},{"ltp":1.01,"id":2251402}]}]}
{"op":"mcm","clk":"7820524623","pt":1540656650464,"mc":[{"id":"1.150288484","rc":[{"ltp":100.0,"id":19924831}]}]}
{"op":"mcm","clk":"7820563789","pt":1540656769487,"mc":[{"id":"1.150288484","rc":[{"ltp":140.0,"id":19924831}]}]}
{"op":"mcm","clk":"7820576716","pt":1540656830169,"mc":[{"id":"1.150288484","rc":[{"ltp":190.0,"id":19924831}]}]}
{"op":"mcm","clk":"7820600790","pt":1540656949940,"mc":[{"id":"1.150288484","rc":[{"ltp":100.0,"id":19924831}]}]}
{"op":"mcm","clk":"7820613195","pt":1540657010441,"mc":[{"id":"1.150288484","rc":[{"ltp":190.0,"id":19924831}]}]}
{"op":"mcm","clk":"7820624831","pt":1540657067414,"mc":[{"id":"1.150288484","rc":[{"ltp":200.0,"id":19924831}]}]}
{"op":"mcm","clk":"7820636692","pt":1540657127919,"mc":[{"id":"1.150288484","rc":[{"ltp":290.0,"id":19924831}]}]}
{"op":"mcm","clk":"7820670813","pt":1540657310312,"mc":[{"id":"1.150288484","rc":[{"ltp":110.0,"id":19924831}]}]}
{"op":"mcm","clk":"7820681098","pt":1540657368228,"mc":[{"id":"1.150288484","rc":[{"ltp":100.0,"id":19924831}]}]}
{"op":"mcm","clk":"7820691363","pt":1540657427026,"mc":[{"id":"1.150288484","rc":[{"ltp":290.0,"id":19924831}]}]}
{"op":"mcm","clk":"7820714010","pt":1540657549771,"mc":[{"id":"1.150288484","rc":[{"ltp":230.0,"id":19924831}]}]}
{"op":"mcm","clk":"7820724952","pt":1540657610250,"mc":[{"id":"1.150288484","rc":[{"ltp":290.0,"id":19924831}]}]}
{"op":"mcm","clk":"7820748126","pt":1540657668555,"mc":[{"id":"1.150288484","rc":[{"ltp":360.0,"id":19924831}]}]}
{"op":"mcm","clk":"7820781072","pt":1540657850416,"mc":[{"id":"1.150288484","rc":[{"ltp":160.0,"id":19924831}]}]}
{"op":"mcm","clk":"7820848391","pt":1540658210325,"mc":[{"id":"1.150288484","rc":[{"ltp":140.0,"id":19924831}]}]}
{"op":"mcm","clk":"7820859389","pt":1540658270433,"mc":[{"id":"1.150288484","rc":[{"ltp":100.0,"id":19924831},{"ltp":1.02,"id":2251402}]}]}
{"op":"mcm","clk":"7820871089","pt":1540658328950,"mc":[{"id":"1.150288484","rc":[{"ltp":1.01,"id":2251402}]}]}
{"op":"mcm","clk":"7820883105","pt":1540658390401,"mc":[{"id":"1.150288484","rc":[{"ltp":60.0,"id":19924831},{"ltp":1.02,"id":2251402}]}]}
{"op":"mcm","clk":"7820894350","pt":1540658450474,"mc":[{"id":"1.150288484","rc":[{"ltp":1.01,"id":2251402}]}]}
{"op":"mcm","clk":"7820905380","pt":1540658510167,"mc":[{"id":"1.150288484","rc":[{"ltp":75.0,"id":19924831},{"ltp":1.02,"id":2251402}]}]}
{"op":"mcm","clk":"7820929854","pt":1540658570399,"mc":[{"id":"1.150288484","rc":[{"ltp":50.0,"id":19924831}]}]}
{"op":"mcm","clk":"7820940057","pt":1540658629813,"mc":[{"id":"1.150288484","rc":[{"ltp":36.0,"id":19924831},{"ltp":1.04,"id":2251402}]}]}
{"op":"mcm","clk":"7820950135","pt":1540658689658,"mc":[{"id":"1.150288484","rc":[{"ltp":110.0,"id":19924831},{"ltp":1.01,"id":2251402}]}]}
{"op":"mcm","clk":"7820957368","pt":1540658729510,"mc":[{"id":"1.150288484","marketDefinition":{"bspMarket":false,"turnInPlayEnabled":true,"persistenceEnabled":true,"marketBaseRate":5.0,"eventId":"28978322","eventTypeId":"2","numberOfWinners":1,"bettingType":"ODDS","marketType":"MATCH_ODDS","marketTime":"2018-10-27T15:19:00.000Z","suspendTime":"2018-10-27T15:19:00.000Z","bspReconciled":false,"complete":true,"inPlay":true,"crossMatching":true,"runnersVoidable":false,"numberOfActiveRunners":2,"betDelay":5,"status":"SUSPENDED","runners":[{"status":"ACTIVE","sortPriority":1,"id":2251402,"name":"Roger Federer"},{"status":"ACTIVE","sortPriority":2,"id":19924831,"name":"Daniil Medvedev"}],"regulators":["MR_INT"],"countryCode":"CH","discountAllowed":true,"timezone":"UTC","openDate":"2018-10-27T15:19:00.000Z","version":2479688303,"name":"Match Odds","eventName":"Federer v Medvedev"},"rc":[{"ltp":100.0,"id":19924831}]}]}
{"op":"mcm","clk":"7820966949","pt":1540658784212,"mc":[{"id":"1.150288484","marketDefinition":{"bspMarket":false,"turnInPlayEnabled":true,"persistenceEnabled":true,"marketBaseRate":5.0,"eventId":"28978322","eventTypeId":"2","numberOfWinners":1,"bettingType":"ODDS","marketType":"MATCH_ODDS","marketTime":"2018-10-27T15:19:00.000Z","suspendTime":"2018-10-27T15:19:00.000Z","bspReconciled":false,"complete":true,"inPlay":true,"crossMatching":false,"runnersVoidable":false,"numberOfActiveRunners":0,"betDelay":5,"status":"CLOSED","settledTime":"2018-10-27T16:46:01.000Z","runners":[{"status":"WINNER","sortPriority":1,"id":2251402,"name":"Roger Federer"},{"status":"LOSER","sortPriority":2,"id":19924831,"name":"Daniil Medvedev"}],"regulators":["MR_INT"],"countryCode":"CH","discountAllowed":true,"timezone":"UTC","openDate":"2018-10-27T15:19:00.000Z","version":2479693776,"name":"Match Odds","eventName":"Federer v Medvedev"}}]}
