{"op":"mcm","clk":"7735936849","pt":1540401890902,"mc":[{"id":"1.150128860","marketDefinition":{"bspMarket":false,"turnInPlayEnabled":true,"persistenceEnabled":true,"marketBaseRate":5.0,"eventId":"28973983","eventTypeId":"2","numberOfWinners":1,"bettingType":"ODDS","marketType":"MATCH_ODDS","marketTime":"2018-10-26T08:00:00.000Z","suspendTime":"2018-10-26T08:00:00.000Z","bspReconciled":false,"complete":true,"inPlay":false,"crossMatching":true,"runnersVoidable":false,"numberOfActiveRunners":2,"betDelay":0,"status":"OPEN","runners":[{"status":"ACTIVE","sortPriority":1,"id":7640637,"name":"Naomi Osaka"},{"status":"ACTIVE","sortPriority":2,"id":5611697,"name":"Kiki Bertens"}],"regulators":["MR_INT"],"countryCode":"SG","discountAllowed":true,"timezone":"UTC","openDate":"2018-10-26T08:00:00.000Z","version":2473766864,"name":"Match Odds","eventName":"N Osaka v Bertens"}}]}
{"op":"mcm","clk":"7740320698","pt":1540467264532,"mc":[{"id":"1.150128860","rc":[{"ltp":2.22,"id":5611697}]}]}
{"op":"mcm","clk":"7740833850","pt":1540473442927,"mc":[{"id":"1.150128860","rc":[{"ltp":1.74,"id":7640637}]}]}
{"op":"mcm","clk":"7741328034","pt":1540478258809,"mc":[{"id":"1.150128860","rc":[{"ltp":2.34,"id":5611697}]}]}
{"op":"mcm","clk":"7741353178","pt":1540478519374,"mc":[{"id":"1.150128860","rc":[{"ltp":1.73,"id":7640637}]}]}
{"op":"mcm","clk":"7741396427","pt":1540479025732,"mc":[{"id":"1.150128860","rc":[{"ltp":1.72,"id":7640637}]}]}
{"op":"mcm","clk":"7741696363","pt":1540481503471,"mc":[{"id":"1.150128860","rc":[{"ltp":2.3,"id":5611697}]}]}
{"op":"mcm","clk":"7741710919","pt":1540481639775,"mc":[{"id":"1.150128860","rc":[{"ltp":1.76,"id":7640637}]}]}
{"op":"mcm","clk":"7741989718","pt":1540483898496,"mc":[{"id":"1.150128860","rc":[{"ltp":1.74,"id":7640637},{"ltp":2.36,"id":5611697}]}]}
{"op":"mcm","clk":"7742099152","pt":1540484876435,"mc":[{"id":"1.150128860","rc":[{"ltp":1.73,"id":7640637}]}]}
{"op":"mcm","clk":"7742104512","pt":1540484939120,"mc":[{"id":"1.150128860","rc":[{"ltp":1.72,"id":7640637}]}]}
{"op":"mcm","clk":"7742926532","pt":1540491757501,"mc":[{"id":"1.150128860","rc":[{"ltp":1.73,"id":7640637}]}]}
{"op":"mcm","clk":"7743104886","pt":1540493140283,"mc":[{"id":"1.150128860","rc":[{"ltp":1.72,"id":7640637}]}]}
{"op":"mcm","clk":"7743142047","pt":1540493475861,"mc":[{"id":"1.150128860","rc":[{"ltp":1.73,"id":7640637}]}]}
{"op":"mcm","clk":"7743421982","pt":1540495217833,"mc":[{"id":"1.150128860","rc":[{"ltp":1.72,"id":7640637}]}]}
{"op":"mcm","clk":"7743561738","pt":1540496091175,"mc":[{"id":"1.150128860","rc":[{"ltp":1.73,"id":7640637}]}]}
{"op":"mcm","clk":"7743678593","pt":1540496808209,"mc":[{"id":"1.150128860","rc":[{"ltp":1.72,"id":7640637}]}]}
{"op":"mcm","clk":"7743695582","pt":1540496932694,"mc":[{"id":"1.150128860","rc":[{"ltp":1.73,"id":7640637}]}]}
{"op":"mcm","clk":"7743704416","pt":1540497000153,"mc":[{"id":"1.150128860","rc":[{"ltp":1.76,"id":7640637},{"ltp":2.3,"id":5611697}]}]}
{"op":"mcm","clk":"7743707217","pt":1540497021792,"mc":[{"id":"1.150128860","rc":[{"ltp":2.26,"id":5611697}]}]}
{"op":"mcm","clk":"7743779666","pt":1540497540695,"mc":[{"id":"1.150128860","rc":[{"ltp":1.78,"id":7640637},{"ltp":2.28,"id":5611697}]}]}
{"op":"mcm","clk":"7744258777","pt":1540501295247,"mc":[{"id":"1.150128860","rc":[{"ltp":1.77,"id":7640637}]}]}
{"op":"mcm","clk":"7744274876","pt":1540501558507,"mc":[{"id":"1.150128860","rc":[{"ltp":1.78,"id":7640637}]}]}
{"op":"mcm","clk":"7744301045","pt":1540501760498,"mc":[{"id":"1.150128860","rc":[{"ltp":1.77,"id":7640637},{"ltp":2.3,"id":5611697}]}]}
{"op":"mcm","clk":"7744308304","pt":1540501886876,"mc":[{"id":"1.150128860","rc":[{"ltp":1.78,"id":7640637},{"ltp":2.28,"id":5611697}]}]}
{"op":"mcm","clk":"7744368247","pt":1540502597902,"mc":[{"id":"1.150128860","rc":[{"ltp":1.77,"id":7640637}]}]}
{"op":"mcm","clk":"7744466186","pt":1540504013930,"mc":[{"id":"1.150128860","rc":[{"ltp":1.78,"id":7640637}]}]}
{"op":"mcm","clk":"7744505475","pt":1540504516139,"mc":[{"id":"1.150128860","rc":[{"ltp":1.77,"id":7640637}]}]}
{"op":"mcm","clk":"7744564557","pt":1540505387280,"mc":[{"id":"1.150128860","rc":[{"ltp":1.78,"id":7640637}]}]}
{"op":"mcm","clk":"7744631687","pt":1540506217301,"mc":[{"id":"1.150128860","rc":[{"ltp":1.77,"id":7640637}]}]}
{"op":"mcm","clk":"7744675011","pt":1540506870488,"mc":[{"id":"1.150128860","rc":[{"ltp":1.78,"id":7640637}]}]}
{"op":"mcm","clk":"7744751732","pt":1540507780372,"mc":[{"id":"1.150128860","rc":[{"ltp":1.77,"id":7640637}]}]}
{"op":"mcm","clk":"7744754925","pt":1540507832568,"mc":[{"id":"1.150128860","rc":[{"ltp":1.78,"id":7640637}]}]}
{"op":"mcm","clk":"7744789415","pt":1540508172822,"mc":[{"id":"1.150128860","rc":[{"ltp":1.77,"id":7640637}]}]}
{"op":"mcm","clk":"7744795966","pt":1540508302651,"mc":[{"id":"1.150128860","rc":[{"ltp":1.78,"id":7640637}]}]}
{"op":"mcm","clk":"7745139343","pt":1540512652179,"mc":[{"id":"1.150128860","rc":[{"ltp":1.79,"id":7640637},{"ltp":2.26,"id":5611697}]}]}
{"op":"mcm","clk":"7745217814","pt":1540513554090,"mc":[{"id":"1.150128860","rc":[{"ltp":2.28,"id":5611697}]}]}
{"op":"mcm","clk":"7745281814","pt":1540514293742,"mc":[{"id":"1.150128860","rc":[{"ltp":1.78,"id":7640637}]}]}
{"op":"mcm","clk":"7745293905","pt":1540514454177,"mc":[{"id":"1.150128860","rc":[{"ltp":1.8,"id":7640637}]}]}
{"op":"mcm","clk":"7745364195","pt":1540515278759,"mc":[{"id":"1.150128860","rc":[{"ltp":2.24,"id":5611697}]}]}
{"op":"mcm","clk":"7745501139","pt":1540517096519,"mc":[{"id":"1.150128860","rc":[{"ltp":1.78,"id":7640637}]}]}
{"op":"mcm","clk":"7745565334","pt":1540518337247,"mc":[{"id":"1.150128860","rc":[{"ltp":1.79,"id":7640637}]}]}
{"op":"mcm","clk":"7745572442","pt":1540518503261,"mc":[{"id":"1.150128860","rc":[{"ltp":1.8,"id":7640637}]}]}
{"op":"mcm","clk":"7745621173","pt":1540519336507,"mc":[{"id":"1.150128860","rc":[{"ltp":1.79,"id":7640637}]}]}
{"op":"mcm","clk":"7745634253","pt":1540519607042,"mc":[{"id":"1.150128860","rc":[{"ltp":1.8,"id":7640637}]}]}
{"op":"mcm","clk":"7745858809","pt":1540522845763,"mc":[{"id":"1.150128860","rc":[{"ltp":1.79,"id":7640637}]}]}
{"op":"mcm","clk":"7745906112","pt":1540523540798,"mc":[{"id":"1.150128860","rc":[{"ltp":1.8,"id":7640637}]}]}
{"op":"mcm","clk":"7745929827","pt":1540524085537,"mc":[{"id":"1.150128860","rc":[{"ltp":2.22,"id":5611697}]}]}
{"op":"mcm","clk":"7746119901","pt":1540527120501,"mc":[{"id":"1.150128860","rc":[{"ltp":1.81,"id":7640637}]}]}
{"op":"mcm","clk":"7746142285","pt":1540527592765,"mc":[{"id":"1.150128860","rc":[{"ltp":1.83,"id":7640637}]}]}
{"op":"mcm","clk":"7746175153","pt":1540527958120,"mc":[{"id":"1.150128860","rc":[{"ltp":2.24,"id":5611697}]}]}
{"op":"mcm","clk":"7746303845","pt":1540530155511,"mc":[{"id":"1.150128860","rc":[{"ltp":1.85,"id":7640637},{"ltp":2.16,"id":5611697}]}]}
{"op":"mcm","clk":"7746308639","pt":1540530231602,"mc":[{"id":"1.150128860","rc":[{"ltp":1.86,"id":7640637},{"ltp":2.14,"id":5611697}]}]}
{"op":"mcm","clk":"7746316664","pt":1540530400620,"mc":[{"id":"1.150128860","rc":[{"ltp":1.85,"id":7640637}]}]}
{"op":"mcm","clk":"7746343001","pt":1540530647709,"mc":[{"id":"1.150128860","rc":[{"ltp":2.2,"id":5611697}]}]}
{"op":"mcm","clk":"7746356095","pt":1540530900387,"mc":[{"id":"1.150128860","rc":[{"ltp":1.83,"id":7640637}]}]}
{"op":"mcm","clk":"7746369403","pt":1540531215978,"mc":[{"id":"1.150128860","rc":[{"ltp":2.18,"id":5611697}]}]}
{"op":"mcm","clk":"7746404787","pt":1540531667807,"mc":[{"id":"1.150128860","rc":[{"ltp":2.2,"id":5611697}]}]}
{"op":"mcm","clk":"7746408057","pt":1540531739329,"mc":[{"id":"1.150128860","rc":[{"ltp":2.18,"id":5611697}]}]}
{"op":"mcm","clk":"7746417404","pt":1540531949412,"mc":[{"id":"1.150128860","rc":[{"ltp":2.2,"id":5611697}]}]}
{"op":"mcm","clk":"7746423986","pt":1540532099592,"mc":[{"id":"1.150128860","rc":[{"ltp":2.18,"id":5611697}]}]}
{"op":"mcm","clk":"7746454013","pt":1540532455600,"mc":[{"id":"1.150128860","rc":[{"ltp":1.85,"id":7640637}]}]}
{"op":"mcm","clk":"7746460113","pt":1540532623419,"mc":[{"id":"1.150128860","rc":[{"ltp":1.84,"id":7640637}]}]}
{"op":"mcm","clk":"7746475498","pt":1540533053038,"mc":[{"id":"1.150128860","rc":[{"ltp":1.83,"id":7640637},{"ltp":2.2,"id":5611697}]}]}
{"op":"mcm","clk":"7746478312","pt":1540533118437,"mc":[{"id":"1.150128860","rc":[{"ltp":1.81,"id":7640637}]}]}
{"op":"mcm","clk":"7746499070","pt":1540533240750,"mc":[{"id":"1.150128860","rc":[{"ltp":1.83,"id":7640637}]}]}
{"op":"mcm","clk":"7746509261","pt":1540533475569,"mc":[{"id":"1.150128860","rc":[{"ltp":1.84,"id":7640637}]}]}
{"op":"mcm","clk":"7746515017","pt":1540533600854,"mc":[{"id":"1.150128860","rc":[{"ltp":1.82,"id":7640637}]}]}
{"op":"mcm","clk":"7746518240","pt":1540533659313,"mc":[{"id":"1.150128860","rc":[{"ltp":1.81,"id":7640637},{"ltp":2.22,"id":5611697}]}]}
{"op":"mcm","clk":"7746529894","pt":1540533840451,"mc":[{"id":"1.150128860","rc":[{"ltp":1.8,"id":7640637},{"ltp":2.2,"id":5611697}]}]}
{"op":"mcm","clk":"7746560768","pt":1540534134364,"mc":[{"id":"1.150128860","rc":[{"ltp":1.83,"id":7640637}]}]}
{"op":"mcm","clk":"7746567611","pt":1540534260224,"mc":[{"id":"1.150128860","rc":[{"ltp":2.18,"id":5611697}]}]}
{"op":"mcm","clk":"7746582444","pt":1540534555449,"mc":[{"id":"1.150128860","rc":[{"ltp":1.85,"id":7640637}]}]}
{"op":"mcm","clk":"7746587243","pt":1540534680842,"mc":[{"id":"1.150128860","rc":[{"ltp":1.83,"id":7640637}]}]}
{"op":"mcm","clk":"7746595541","pt":1540534855593,"mc":[{"id":"1.150128860","rc":[{"ltp":1.85,"id":7640637}]}]}
{"op":"mcm","clk":"7746619459","pt":1540535047475,"mc":[{"id":"1.150128860","rc":[{"ltp":1.84,"id":7640637}]}]}
{"op":"mcm","clk":"7746623694","pt":1540535210372,"mc":[{"id":"1.150128860","rc":[{"ltp":1.85,"id":7640637}]}]}
{"op":"mcm","clk":"7746627389","pt":1540535339646,"mc":[{"id":"1.150128860","rc":[{"ltp":1.84,"id":7640637}]}]}
{"op":"mcm","clk":"7746635539","pt":1540535578067,"mc":[{"id":"1.150128860","rc":[{"ltp":2.2,"id":5611697}]}]}
{"op":"mcm","clk":"7746638110","pt":1540535640203,"mc":[{"id":"1.150128860","rc":[{"ltp":1.85,"id":7640637},{"ltp":2.18,"id":5611697}]}]}
{"op":"mcm","clk":"7746639762","pt":1540535698039,"mc":[{"id":"1.150128860","rc":[{"ltp":1.84,"id":7640637},{"ltp":2.16,"id":5611697}]}]}
{"op":"mcm","clk":"7746641073","pt":1540535742270,"mc":[{"id":"1.150128860","rc":[{"ltp":1.85,"id":7640637}]}]}
{"op":"mcm","clk":"7746660978","pt":1540535878650,"mc":[{"id":"1.150128860","rc":[{"ltp":1.82,"id":7640637}]}]}
{"op":"mcm","clk":"7746670109","pt":1540536106028,"mc":[{"id":"1.150128860","rc":[{"ltp":2.18,"id":5611697}]}]}
{"op":"mcm","clk":"7746673224","pt":1540536174337,"mc":[{"id":"1.150128860","rc":[{"ltp":1.85,"id":7640637}]}]}
{"op":"mcm","clk":"7746675434","pt":1540536225768,"mc":[{"id":"1.150128860","rc":[{"ltp":1.84,"id":7640637}]}]}
{"op":"mcm","clk":"7746682876","pt":1540536407269,"mc":[{"id":"1.150128860","rc":[{"ltp":2.22,"id":5611697}]}]}
{"op":"mcm","clk":"7746686005","pt":1540536480589,"mc":[{"id":"1.150128860","rc":[{"ltp":2.18,"id":5611697}]}]}
{"op":"mcm","clk":"7746691471","pt":1540536600659,"mc":[{"id":"1.150128860","rc":[{"ltp":1.83,"id":7640637}]}]}
{"op":"mcm","clk":"7746697010","pt":1540536719622,"mc":[{"id":"1.150128860","rc":[{"ltp":1.84,"id":7640637}]}]}
{"op":"mcm","clk":"7746718479","pt":1540536870987,"mc":[{"id":"1.150128860","rc":[{"ltp":2.16,"id":5611697}]}]}
{"op":"mcm","clk":"7746723983","pt":1540537019869,"mc":[{"id":"1.150128860","rc":[{"ltp":1.83,"id":7640637},{"ltp":2.18,"id":5611697}]}]}
{"op":"mcm","clk":"7746725772","pt":1540537073752,"mc":[{"id":"1.150128860","rc":[{"ltp":1.82,"id":7640637}]}]}
{"op":"mcm","clk":"7746733636","pt":1540537254615,"mc":[{"id":"1.150128860","rc":[{"ltp":1.83,"id":7640637}]}]}
{"op":"mcm","clk":"7746735785","pt":1540537314883,"mc":[{"id":"1.150128860","rc":[{"ltp":1.84,"id":7640637}]}]}
{"op":"mcm","clk":"7746743661","pt":1540537500577,"mc":[{"id":"1.150128860","rc":[{"ltp":1.85,"id":7640637},{"ltp":2.16,"id":5611697}]}]}
{"op":"mcm","clk":"7746746497","pt":1540537558007,"mc":[{"id":"1.150128860","rc":[{"ltp":1.87,"id":7640637}]}]}
{"op":"mcm","clk":"7746767571","pt":1540537675953,"mc":[{"id":"1.150128860","rc":[{"ltp":1.86,"id":7640637}]}]}
{"op":"mcm","clk":"7746777197","pt":1540537857062,"mc":[{"id":"1.150128860","rc":[{"ltp":1.85,"id":7640637},{"ltp":2.18,"id":5611697}]}]}
{"op":"mcm","clk":"7746779766","pt":1540537918333,"mc":[{"id":"1.150128860","rc":[{"ltp":1.84,"id":7640637}]}]}
{"op":"mcm","clk":"7746781366","pt":1540537954041,"mc":[{"id":"1.150128860","rc":[{"ltp":1.83,"id":7640637}]}]}
{"op":"mcm","clk":"7746784065","pt":1540538022800,"mc":[{"id":"1.150128860","rc":[{"ltp":1.85,"id":7640637}]}]}
{"op":"mcm","clk":"7746787339","pt":1540538094245,"mc":[{"id":"1.150128860","rc":[{"ltp":1.86,"id":7640637}]}]}
{"op":"mcm","clk":"7746790250","pt":1540538157842,"mc":[{"id":"1.150128860","rc":[{"ltp":1.84,"id":7640637}]}]}
{"op":"mcm","clk":"7746794942","pt":1540538278808,"mc":[{"id":"1.150128860","rc":[{"ltp":1.85,"id":7640637}]}]}
{"op":"mcm","clk":"7746802493","pt":1540538459715,"mc":[{"id":"1.150128860","rc":[{"ltp":1.86,"id":7640637},{"ltp":2.16,"id":5611697}]}]}
{"op":"mcm","clk":"7746805402","pt":1540538518538,"mc":[{"id":"1.150128860","rc":[{"ltp":1.87,"id":7640637},{"ltp":2.18,"id":5611697}]}]}
{"op":"mcm","clk":"7746827484","pt":1540538700686,"mc":[{"id":"1.150128860","rc":[{"ltp":2.14,"id":5611697}]}]}
{"op":"mcm","clk":"7746830075","pt":1540538759073,"mc":[{"id":"1.150128860","rc":[{"ltp":1.86,"id":7640637}]}]}
{"op":"mcm","clk":"7746832756","pt":1540538820761,"mc":[{"id":"1.150128860","rc":[{"ltp":1.85,"id":7640637},{"ltp":2.18,"id":5611697}]}]}
{"op":"mcm","clk":"7746835487","pt":1540538880329,"mc":[{"id":"1.150128860","rc":[{"ltp":1.84,"id":7640637}]}]}
{"op":"mcm","clk":"7746837831","pt":1540538940076,"mc":[{"id":"1.150128860","rc":[{"ltp":1.85,"id":7640637},{"ltp":2.16,"id":5611697}]}]}
{"op":"mcm","clk":"7746843629","pt":1540539078441,"mc":[{"id":"1.150128860","rc":[{"ltp":1.84,"id":7640637}]}]}
{"op":"mcm","clk":"7746849121","pt":1540539174988,"mc":[{"id":"1.150128860","rc":[{"ltp":1.85,"id":7640637}]}]}
{"op":"mcm","clk":"7746852257","pt":1540539232829,"mc":[{"id":"1.150128860","rc":[{"ltp":1.86,"id":7640637}]}]}
{"op":"mcm","clk":"7746855333","pt":1540539294055,"mc":[{"id":"1.150128860","rc":[{"ltp":1.84,"id":7640637},{"ltp":2.2,"id":5611697}]}]}
{"op":"mcm","clk":"7746858212","pt":1540539354149,"mc":[{"id":"1.150128860","rc":[{"ltp":1.85,"id":7640637},{"ltp":2.18,"id":5611697}]}]}
{"op":"mcm","clk":"7746879141","pt":1540539475786,"mc":[{"id":"1.150128860","rc":[{"ltp":1.86,"id":7640637},{"ltp":2.16,"id":5611697}]}]}
{"op":"mcm","clk":"7746881744","pt":1540539533167,"mc":[{"id":"1.150128860","rc":[{"ltp":1.85,"id":7640637}]}]}
{"op":"mcm","clk":"7746890309","pt":1540539720800,"mc":[{"id":"1.150128860","rc":[{"ltp":1.84,"id":7640637},{"ltp":2.18,"id":5611697}]}]}
{"op":"mcm","clk":"7746893059","pt":1540539779259,"mc":[{"id":"1.150128860","rc":[{"ltp":2.2,"id":5611697}]}]}
{"op":"mcm","clk":"7746895415","pt":1540539827833,"mc":[{"id":"1.150128860","rc":[{"ltp":2.18,"id":5611697}]}]}
{"op":"mcm","clk":"7746898831","pt":1540539898678,"mc":[{"id":"1.150128860","rc":[{"ltp":2.2,"id":5611697}]}]}
{"op":"mcm","clk":"7746901719","pt":1540539960910,"mc":[{"id":"1.150128860","rc":[{"ltp":1.85,"id":7640637}]}]}
{"op":"mcm","clk":"7746904754","pt":1540540019677,"mc":[{"id":"1.150128860","rc":[{"ltp":1.84,"id":7640637},{"ltp":2.18,"id":5611697}]}]}
{"op":"mcm","clk":"7746907646","pt":1540540080809,"mc":[{"id":"1.150128860","rc":[{"ltp":1.83,"id":7640637}]}]}
{"op":"mcm","clk":"7746910370","pt":1540540138326,"mc":[{"id":"1.150128860","marketDefinition":{"bspMarket":false,"turnInPlayEnabled":true,"persistenceEnabled":true,"marketBaseRate":5.0,"eventId":"28973983","eventTypeId":"2","numberOfWinners":1,"bettingType":"ODDS","marketType":"MATCH_ODDS","marketTime":"2018-10-26T07:47:00.000Z","suspendTime":"2018-10-26T07:47:00.000Z","bspReconciled":false,"complete":true,"inPlay":false,"crossMatching":true,"runnersVoidable":false,"numberOfActiveRunners":2,"betDelay":0,"status":"OPEN","runners":[{"status":"ACTIVE","sortPriority":1,"id":7640637,"name":"Naomi Osaka"},{"status":"ACTIVE","sortPriority":2,"id":5611697,"name":"Kiki Bertens"}],"regulators":["MR_INT"],"countryCode":"SG","discountAllowed":true,"timezone":"UTC","openDate":"2018-10-26T07:47:00.000Z","version":2475846871,"name":"Match Odds","eventName":"N Osaka v Bertens"}}]}
{"op":"mcm","clk":"7746915852","pt":1540540256908,"mc":[{"id":"1.150128860","rc":[{"ltp":1.84,"id":7640637}]}]}
{"op":"mcm","clk":"7746936039","pt":1540540358413,"mc":[{"id":"1.150128860","rc":[{"ltp":1.85,"id":7640637}]}]}
{"op":"mcm","clk":"7746939344","pt":1540540439281,"mc":[{"id":"1.150128860","rc":[{"ltp":1.83,"id":7640637}]}]}
{"op":"mcm","clk":"7746941975","pt":1540540500801,"mc":[{"id":"1.150128860","rc":[{"ltp":1.84,"id":7640637}]}]}
{"op":"mcm","clk":"7746947195","pt":1540540620670,"mc":[{"id":"1.150128860","rc":[{"ltp":1.85,"id":7640637},{"ltp":2.16,"id":5611697}]}]}
{"op":"mcm","clk":"7746949875","pt":1540540678925,"mc":[{"id":"1.150128860","rc":[{"ltp":1.84,"id":7640637},{"ltp":2.18,"id":5611697}]}]}
{"op":"mcm","clk":"7746964061","pt":1540540920298,"mc":[{"id":"1.150128860","rc":[{"ltp":1.85,"id":7640637}]}]}
{"op":"mcm","clk":"7746968732","pt":1540540980614,"mc":[{"id":"1.150128860","rc":[{"ltp":1.84,"id":7640637},{"ltp":2.16,"id":5611697}]}]}
{"op":"mcm","clk":"7746973214","pt":1540541039537,"mc":[{"id":"1.150128860","rc":[{"ltp":1.85,"id":7640637},{"ltp":2.18,"id":5611697}]}]}
{"op":"mcm","clk":"7746977826","pt":1540541100790,"mc":[{"id":"1.150128860","rc":[{"ltp":1.84,"id":7640637},{"ltp":2.2,"id":5611697}]}]}
{"op":"mcm","clk":"7746981394","pt":1540541160718,"mc":[{"id":"1.150128860","rc":[{"ltp":1.82,"id":7640637}]}]}
{"op":"mcm","clk":"7746985006","pt":1540541220536,"mc":[{"id":"1.150128860","rc":[{"ltp":1.84,"id":7640637},{"ltp":2.18,"id":5611697}]}]}
{"op":"mcm","clk":"7747003883","pt":1540541279521,"mc":[{"id":"1.150128860","rc":[{"ltp":1.86,"id":7640637},{"ltp":2.16,"id":5611697}]}]}
{"op":"mcm","clk":"7747011859","pt":1540541400473,"mc":[{"id":"1.150128860","rc":[{"ltp":1.84,"id":7640637},{"ltp":2.18,"id":5611697}]}]}
{"op":"mcm","clk":"7747020379","pt":1540541519987,"mc":[{"id":"1.150128860","marketDefinition":{"bspMarket":false,"turnInPlayEnabled":true,"persistenceEnabled":true,"marketBaseRate":5.0,"eventId":"28973983","eventTypeId":"2","numberOfWinners":1,"bettingType":"ODDS","marketType":"MATCH_ODDS","marketTime":"2018-10-26T07:47:00.000Z","suspendTime":"2018-10-26T07:47:00.000Z","bspReconciled":false,"complete":true,"inPlay":true,"crossMatching":true,"runnersVoidable":false,"numberOfActiveRunners":2,"betDelay":5,"status":"OPEN","runners":[{"status":"ACTIVE","sortPriority":1,"id":7640637,"name":"Naomi Osaka"},{"status":"ACTIVE","sortPriority":2,"id":5611697,"name":"Kiki Bertens"}],"regulators":["MR_INT"],"countryCode":"SG","discountAllowed":true,"timezone":"UTC","openDate":"2018-10-26T07:47:00.000Z","version":2475859576,"name":"Match Odds","eventName":"N Osaka v Bertens"},"rc":[{"ltp":1.77,"id":7640637},{"ltp":2.2,"id":5611697}]}]}
{"op":"mcm","clk":"7747024906","pt":1540541580335,"mc":[{"id":"1.150128860","rc":[{"ltp":1.79,"id":7640637},{"ltp":2.3,"id":5611697}]}]}
{"op":"mcm","clk":"7747028817","pt":1540541640839,"mc":[{"id":"1.150128860","rc":[{"ltp":1.77,"id":7640637},{"ltp":2.32,"id":5611697}]}]}
{"op":"mcm","clk":"7747032374","pt":1540541700823,"mc":[{"id":"1.150128860","rc":[{"ltp":1.87,"id":7640637},{"ltp":2.16,"id":5611697}]}]}
{"op":"mcm","clk":"7747036174","pt":1540541760782,"mc":[{"id":"1.150128860","rc":[{"ltp":1.89,"id":7640637},{"ltp":2.12,"id":5611697}]}]}
{"op":"mcm","clk":"7747039918","pt":1540541820763,"mc":[{"id":"1.150128860","rc":[{"ltp":1.86,"id":7640637},{"ltp":2.2,"id":5611697}]}]}
{"op":"mcm","clk":"7747042762","pt":1540541880854,"mc":[{"id":"1.150128860","rc":[{"ltp":1.85,"id":7640637},{"ltp":2.18,"id":5611697}]}]}
{"op":"mcm","clk":"7747045721","pt":1540541940842,"mc":[{"id":"1.150128860","rc":[{"ltp":1.76,"id":7640637},{"ltp":2.3,"id":5611697}]}]}
{"op":"mcm","clk":"7747048445","pt":1540542000788,"mc":[{"id":"1.150128860","rc":[{"ltp":1.81,"id":7640637},{"ltp":2.22,"id":5611697}]}]}
{"op":"mcm","clk":"7747051746","pt":1540542060660,"mc":[{"id":"1.150128860","rc":[{"ltp":1.98,"id":7640637},{"ltp":2.04,"id":5611697}]}]}
{"op":"mcm","clk":"7747054400","pt":1540542120637,"mc":[{"id":"1.150128860","rc":[{"ltp":2.02,"id":7640637},{"ltp":1.98,"id":5611697}]}]}
{"op":"mcm","clk":"7747073339","pt":1540542180864,"mc":[{"id":"1.150128860","rc":[{"ltp":1.8,"id":7640637},{"ltp":2.24,"id":5611697}]}]}
{"op":"mcm","clk":"7747076546","pt":1540542240801,"mc":[{"id":"1.150128860","rc":[{"ltp":1.78,"id":7640637},{"ltp":2.26,"id":5611697}]}]}
{"op":"mcm","clk":"7747079631","pt":1540542300817,"mc":[{"id":"1.150128860","rc":[{"ltp":2.28,"id":5611697}]}]}
{"op":"mcm","clk":"7747082544","pt":1540542360866,"mc":[{"id":"1.150128860","rc":[{"ltp":1.75,"id":7640637},{"ltp":2.46,"id":5611697}]}]}
{"op":"mcm","clk":"7747085531","pt":1540542420818,"mc":[{"id":"1.150128860","rc":[{"ltp":1.92,"id":7640637},{"ltp":2.1,"id":5611697}]}]}
{"op":"mcm","clk":"7747088528","pt":1540542480774,"mc":[{"id":"1.150128860","rc":[{"ltp":1.86,"id":7640637},{"ltp":2.16,"id":5611697}]}]}
{"op":"mcm","clk":"7747091725","pt":1540542540831,"mc":[{"id":"1.150128860","rc":[{"ltp":1.87,"id":7640637},{"ltp":2.18,"id":5611697}]}]}
{"op":"mcm","clk":"7747094909","pt":1540542600762,"mc":[{"id":"1.150128860","rc":[{"ltp":1.83,"id":7640637},{"ltp":2.2,"id":5611697}]}]}
{"op":"mcm","clk":"7747098499","pt":1540542660795,"mc":[{"id":"1.150128860","rc":[{"ltp":1.85,"id":7640637}]}]}
{"op":"mcm","clk":"7747102107","pt":1540542720865,"mc":[{"id":"1.150128860","rc":[{"ltp":1.74,"id":7640637},{"ltp":2.36,"id":5611697}]}]}
{"op":"mcm","clk":"7747106116","pt":1540542780832,"mc":[{"id":"1.150128860","rc":[{"ltp":1.69,"id":7640637},{"ltp":2.46,"id":5611697}]}]}
{"op":"mcm","clk":"7747110538","pt":1540542840716,"mc":[{"id":"1.150128860","rc":[{"ltp":1.7,"id":7640637},{"ltp":2.44,"id":5611697}]}]}
{"op":"mcm","clk":"7747114737","pt":1540542900674,"mc":[{"id":"1.150128860","rc":[{"ltp":1.77,"id":7640637},{"ltp":2.3,"id":5611697}]}]}
{"op":"mcm","clk":"7747118501","pt":1540542960864,"mc":[{"id":"1.150128860","rc":[{"ltp":2.4,"id":5611697}]}]}
{"op":"mcm","clk":"7747121696","pt":1540543020817,"mc":[{"id":"1.150128860","rc":[{"ltp":1.87,"id":7640637},{"ltp":2.14,"id":5611697}]}]}
{"op":"mcm","clk":"7747141106","pt":1540543080649,"mc":[{"id":"1.150128860","rc":[{"ltp":2.14,"id":7640637},{"ltp":1.87,"id":5611697}]}]}
{"op":"mcm","clk":"7747144392","pt":1540543140611,"mc":[{"id":"1.150128860","rc":[{"ltp":2.48,"id":7640637},{"ltp":1.68,"id":5611697}]}]}
{"op":"mcm","clk":"7747147167","pt":1540543200853,"mc":[{"id":"1.150128860","rc":[{"ltp":2.56,"id":7640637},{"ltp":1.65,"id":5611697}]}]}
{"op":"mcm","clk":"7747150730","pt":1540543260824,"mc":[{"id":"1.150128860","rc":[{"ltp":2.92,"id":7640637},{"ltp":1.52,"id":5611697}]}]}
{"op":"mcm","clk":"7747153833","pt":1540543320500,"mc":[{"id":"1.150128860","rc":[{"ltp":3.25,"id":7640637},{"ltp":1.4,"id":5611697}]}]}
{"op":"mcm","clk":"7747157309","pt":1540543380542,"mc":[{"id":"1.150128860","rc":[{"ltp":4.1,"id":7640637},{"ltp":1.32,"id":5611697}]}]}
{"op":"mcm","clk":"7747160848","pt":1540543440774,"mc":[{"id":"1.150128860","rc":[{"ltp":4.5,"id":7640637},{"ltp":1.26,"id":5611697}]}]}
{"op":"mcm","clk":"7747164719","pt":1540543500733,"mc":[{"id":"1.150128860","rc":[{"ltp":7.6,"id":7640637},{"ltp":1.15,"id":5611697}]}]}
{"op":"mcm","clk":"7747168828","pt":1540543560779,"mc":[{"id":"1.150128860","rc":[{"ltp":10.5,"id":7640637},{"ltp":1.11,"id":5611697}]}]}
{"op":"mcm","clk":"7747172272","pt":1540543620865,"mc":[{"id":"1.150128860","rc":[{"ltp":11.0,"id":7640637}]}]}
{"op":"mcm","clk":"7747175331","pt":1540543680907,"mc":[{"id":"1.150128860","rc":[{"ltp":13.5,"id":7640637},{"ltp":1.08,"id":5611697}]}]}
{"op":"mcm","clk":"7747178635","pt":1540543740771,"mc":[{"id":"1.150128860","rc":[{"ltp":10.5,"id":7640637},{"ltp":1.1,"id":5611697}]}]}
{"op":"mcm","clk":"7747181550","pt":1540543800907,"mc":[{"id":"1.150128860","rc":[{"ltp":13.0,"id":7640637},{"ltp":1.09,"id":5611697}]}]}
{"op":"mcm","clk":"7747188386","pt":1540543920498,"mc":[{"id":"1.150128860","rc":[{"ltp":11.5,"id":7640637}]}]}
{"op":"mcm","clk":"7747207170","pt":1540543980765,"mc":[{"id":"1.150128860","rc":[{"ltp":12.0,"id":7640637}]}]}
{"op":"mcm","clk":"7747210149","pt":1540544039911,"mc":[{"id":"1.150128860","rc":[{"ltp":11.0,"id":7640637},{"ltp":1.1,"id":5611697}]}]}
{"op":"mcm","clk":"7747213417","pt":1540544100711,"mc":[{"id":"1.150128860","rc":[{"ltp":12.0,"id":7640637},{"ltp":1.08,"id":5611697}]}]}
{"op":"mcm","clk":"7747216577","pt":1540544160841,"mc":[{"id":"1.150128860","rc":[{"ltp":26.0,"id":7640637},{"ltp":1.03,"id":5611697}]}]}
{"op":"mcm","clk":"7747220092","pt":1540544220779,"mc":[{"id":"1.150128860","rc":[{"ltp":55.0,"id":7640637},{"ltp":1.02,"id":5611697}]}]}
{"op":"mcm","clk":"7747226979","pt":1540544336997,"mc":[{"id":"1.150128860","marketDefinition":{"bspMarket":false,"turnInPlayEnabled":true,"persistenceEnabled":true,"marketBaseRate":5.0,"eventId":"28973983","eventTypeId":"2","numberOfWinners":1,"bettingType":"ODDS","marketType":"MATCH_ODDS","marketTime":"2018-10-26T07:47:00.000Z","suspendTime":"2018-10-26T07:47:00.000Z","bspReconciled":false,"complete":true,"inPlay":true,"crossMatching":true,"runnersVoidable":false,"numberOfActiveRunners":2,"betDelay":5,"status":"SUSPENDED","runners":[{"status":"ACTIVE","sortPriority":1,"id":7640637,"name":"Naomi Osaka"},{"status":"ACTIVE","sortPriority":2,"id":5611697,"name":"Kiki Bertens"}],"regulators":["MR_INT"],"countryCode":"SG","discountAllowed":true,"timezone":"UTC","openDate":"2018-10-26T07:47:00.000Z","version":2475893217,"name":"Match Odds","eventName":"N Osaka v Bertens"},"rc":[{"ltp":1000.0,"id":7640637},{"ltp":1.01,"id":5611697}]}]}
{"op":"mcm","clk":"7747228567","pt":1540544366737,"mc":[{"id":"1.150128860","marketDefinition":{"bspMarket":false,"turnInPlayEnabled":true,"persistenceEnabled":true,"marketBaseRate":5.0,"eventId":"28973983","eventTypeId":"2","numberOfWinners":1,"bettingType":"ODDS","marketType":"MATCH_ODDS","marketTime":"2018-10-26T07:47:00.000Z","suspendTime":"2018-10-26T07:47:00.000Z","bspReconciled":false,"complete":true,"inPlay":true,"crossMatching":false,"runnersVoidable":false,"numberOfActiveRunners":0,"betDelay":5,"status":"CLOSED","settledTime":"2018-10-26T08:58:55.000Z","runners":[{"status":"LOSER","sortPriority":1,"id":7640637,"name":"Naomi Osaka"},{"status":"WINNER","sortPriority":2,"id":5611697,"name":"Kiki Bertens"}],"regulators":["MR_INT"],"countryCode":"SG","discountAllowed":true,"timezone":"UTC","openDate":"2018-10-26T07:47:00.000Z","version":2475893261,"name":"Match Odds","eventName":"N Osaka v Bertens"}}]}
