{"op":"mcm","clk":"7792634987","pt":1540401890509,"mc":[{"id":"1.150128767","marketDefinition":{"bspMarket":false,"turnInPlayEnabled":true,"persistenceEnabled":true,"marketBaseRate":5.0,"eventId":"28973978","eventTypeId":"2","numberOfWinners":1,"bettingType":"ODDS","marketType":"MATCH_ODDS","marketTime":"2018-10-26T11:30:00.000Z","suspendTime":"2018-10-26T11:30:00.000Z","bspReconciled":false,"complete":true,"inPlay":false,"crossMatching":true,"runnersVoidable":false,"numberOfActiveRunners":2,"betDelay":0,"status":"OPEN","runners":[{"status":"ACTIVE","sortPriority":1,"id":2411840,"name":"Angelique Kerber"},{"status":"ACTIVE","sortPriority":2,"id":2923342,"name":"Sloane Stephens"}],"regulators":["MR_INT"],"countryCode":"SG","discountAllowed":true,"timezone":"UTC","openDate":"2018-10-26T11:30:00.000Z","version":2473766555,"name":"Match Odds","eventName":"Kerber v Stephens"}}]}
{"op":"mcm","clk":"7794861906","pt":1540423825495,"mc":[{"id":"1.150128767","rc":[{"ltp":1.98,"id":2411840}]}]}
{"op":"mcm","clk":"7795058740","pt":1540426491162,"mc":[{"id":"1.150128767","rc":[{"ltp":1.98,"id":2923342},{"ltp":2.02,"id":2411840}]}]}
{"op":"mcm","clk":"7795061514","pt":1540426541530,"mc":[{"id":"1.150128767","rc":[{"ltp":2.0,"id":2411840}]}]}
{"op":"mcm","clk":"7796891556","pt":1540460552270,"mc":[{"id":"1.150128767","rc":[{"ltp":2.04,"id":2923342}]}]}
{"op":"mcm","clk":"7798163208","pt":1540477181116,"mc":[{"id":"1.150128767","rc":[{"ltp":1.96,"id":2411840}]}]}
{"op":"mcm","clk":"7798463321","pt":1540480132249,"mc":[{"id":"1.150128767","rc":[{"ltp":2.0,"id":2923342}]}]}
{"op":"mcm","clk":"7798674368","pt":1540482014217,"mc":[{"id":"1.150128767","rc":[{"ltp":2.04,"id":2923342}]}]}
{"op":"mcm","clk":"7799303823","pt":1540486789114,"mc":[{"id":"1.150128767","rc":[{"ltp":1.95,"id":2411840}]}]}
{"op":"mcm","clk":"7799319237","pt":1540486900505,"mc":[{"id":"1.150128767","rc":[{"ltp":1.94,"id":2411840},{"ltp":2.06,"id":2923342}]}]}
{"op":"mcm","clk":"7799759661","pt":1540489908551,"mc":[{"id":"1.150128767","rc":[{"ltp":2.04,"id":2923342}]}]}
{"op":"mcm","clk":"7799996589","pt":1540491612890,"mc":[{"id":"1.150128767","rc":[{"ltp":1.96,"id":2411840}]}]}
{"op":"mcm","clk":"7800034513","pt":1540491925148,"mc":[{"id":"1.150128767","rc":[{"ltp":1.94,"id":2411840}]}]}
{"op":"mcm","clk":"7800216363","pt":1540493116160,"mc":[{"id":"1.150128767","rc":[{"ltp":1.93,"id":2411840}]}]}
{"op":"mcm","clk":"7800337391","pt":1540493988653,"mc":[{"id":"1.150128767","rc":[{"ltp":1.94,"id":2411840}]}]}
{"op":"mcm","clk":"7800506768","pt":1540495230399,"mc":[{"id":"1.150128767","rc":[{"ltp":1.93,"id":2411840}]}]}
{"op":"mcm","clk":"7800535304","pt":1540495470303,"mc":[{"id":"1.150128767","rc":[{"ltp":1.95,"id":2411840},{"ltp":2.06,"id":2923342}]}]}
{"op":"mcm","clk":"7800586432","pt":1540495789071,"mc":[{"id":"1.150128767","rc":[{"ltp":1.96,"id":2411840}]}]}
{"op":"mcm","clk":"7800732526","pt":1540496993766,"mc":[{"id":"1.150128767","rc":[{"ltp":1.94,"id":2411840}]}]}
{"op":"mcm","clk":"7800952041","pt":1540498733687,"mc":[{"id":"1.150128767","rc":[{"ltp":1.95,"id":2411840}]}]}
{"op":"mcm","clk":"7801216518","pt":1540501208974,"mc":[{"id":"1.150128767","rc":[{"ltp":1.94,"id":2411840}]}]}
{"op":"mcm","clk":"7801230136","pt":1540501456528,"mc":[{"id":"1.150128767","rc":[{"ltp":1.93,"id":2411840}]}]}
{"op":"mcm","clk":"7801238753","pt":1540501612888,"mc":[{"id":"1.150128767","rc":[{"ltp":2.04,"id":2923342}]}]}
{"op":"mcm","clk":"7801242603","pt":1540501670443,"mc":[{"id":"1.150128767","rc":[{"ltp":1.95,"id":2411840}]}]}
{"op":"mcm","clk":"7801273191","pt":1540501929538,"mc":[{"id":"1.150128767","rc":[{"ltp":1.94,"id":2411840}]}]}
{"op":"mcm","clk":"7801301637","pt":1540502321454,"mc":[{"id":"1.150128767","rc":[{"ltp":1.95,"id":2411840}]}]}
{"op":"mcm","clk":"7801308636","pt":1540502410423,"mc":[{"id":"1.150128767","rc":[{"ltp":2.08,"id":2923342}]}]}
{"op":"mcm","clk":"7801378043","pt":1540503281244,"mc":[{"id":"1.150128767","rc":[{"ltp":1.96,"id":2411840},{"ltp":2.04,"id":2923342}]}]}
{"op":"mcm","clk":"7801380297","pt":1540503322796,"mc":[{"id":"1.150128767","rc":[{"ltp":1.95,"id":2411840}]}]}
{"op":"mcm","clk":"7801383112","pt":1540503376982,"mc":[{"id":"1.150128767","rc":[{"ltp":1.96,"id":2411840}]}]}
{"op":"mcm","clk":"7801436603","pt":1540504190719,"mc":[{"id":"1.150128767","rc":[{"ltp":2.02,"id":2923342},{"ltp":1.97,"id":2411840}]}]}
{"op":"mcm","clk":"7801438945","pt":1540504237773,"mc":[{"id":"1.150128767","rc":[{"ltp":1.98,"id":2411840}]}]}
{"op":"mcm","clk":"7801445388","pt":1540504358851,"mc":[{"id":"1.150128767","rc":[{"ltp":1.96,"id":2411840}]}]}
{"op":"mcm","clk":"7801452213","pt":1540504491958,"mc":[{"id":"1.150128767","rc":[{"ltp":2.06,"id":2923342},{"ltp":1.94,"id":2411840}]}]}
{"op":"mcm","clk":"7801455578","pt":1540504555727,"mc":[{"id":"1.150128767","rc":[{"ltp":2.1,"id":2923342},{"ltp":1.91,"id":2411840}]}]}
{"op":"mcm","clk":"7801483500","pt":1540504791683,"mc":[{"id":"1.150128767","rc":[{"ltp":1.92,"id":2411840}]}]}
{"op":"mcm","clk":"7801582316","pt":1540506282398,"mc":[{"id":"1.150128767","rc":[{"ltp":2.06,"id":2923342}]}]}
{"op":"mcm","clk":"7801682630","pt":1540507492644,"mc":[{"id":"1.150128767","rc":[{"ltp":1.96,"id":2411840}]}]}
{"op":"mcm","clk":"7801692434","pt":1540507670596,"mc":[{"id":"1.150128767","rc":[{"ltp":2.04,"id":2923342}]}]}
{"op":"mcm","clk":"7801718424","pt":1540508088232,"mc":[{"id":"1.150128767","rc":[{"ltp":1.98,"id":2411840},{"ltp":2.02,"id":2923342}]}]}
{"op":"mcm","clk":"7801722559","pt":1540508153993,"mc":[{"id":"1.150128767","rc":[{"ltp":2.0,"id":2411840},{"ltp":1.99,"id":2923342}]}]}
{"op":"mcm","clk":"7801743504","pt":1540508261041,"mc":[{"id":"1.150128767","rc":[{"ltp":1.98,"id":2411840}]}]}
{"op":"mcm","clk":"7801754753","pt":1540508420824,"mc":[{"id":"1.150128767","rc":[{"ltp":2.02,"id":2923342}]}]}
{"op":"mcm","clk":"7801931149","pt":1540510674915,"mc":[{"id":"1.150128767","rc":[{"ltp":2.0,"id":2411840},{"ltp":2.0,"id":2923342}]}]}
{"op":"mcm","clk":"7801984175","pt":1540511265696,"mc":[{"id":"1.150128767","rc":[{"ltp":1.99,"id":2411840},{"ltp":2.02,"id":2923342}]}]}
{"op":"mcm","clk":"7801987857","pt":1540511329683,"mc":[{"id":"1.150128767","rc":[{"ltp":1.94,"id":2411840},{"ltp":2.06,"id":2923342}]}]}
{"op":"mcm","clk":"7802084344","pt":1540512642425,"mc":[{"id":"1.150128767","rc":[{"ltp":1.96,"id":2411840}]}]}
{"op":"mcm","clk":"7802473432","pt":1540517103718,"mc":[{"id":"1.150128767","rc":[{"ltp":2.04,"id":2923342}]}]}
{"op":"mcm","clk":"7802512550","pt":1540517580987,"mc":[{"id":"1.150128767","rc":[{"ltp":1.95,"id":2411840}]}]}
{"op":"mcm","clk":"7802583214","pt":1540518521423,"mc":[{"id":"1.150128767","rc":[{"ltp":1.94,"id":2411840}]}]}
{"op":"mcm","clk":"7802864689","pt":1540521851702,"mc":[{"id":"1.150128767","rc":[{"ltp":1.95,"id":2411840}]}]}
{"op":"mcm","clk":"7802890075","pt":1540522469790,"mc":[{"id":"1.150128767","rc":[{"ltp":2.06,"id":2923342}]}]}
{"op":"mcm","clk":"7802918364","pt":1540522726232,"mc":[{"id":"1.150128767","rc":[{"ltp":2.04,"id":2923342}]}]}
{"op":"mcm","clk":"7802943256","pt":1540523332231,"mc":[{"id":"1.150128767","rc":[{"ltp":1.96,"id":2411840}]}]}
{"op":"mcm","clk":"7802976605","pt":1540523870448,"mc":[{"id":"1.150128767","rc":[{"ltp":1.95,"id":2411840}]}]}
{"op":"mcm","clk":"7803067305","pt":1540526190465,"mc":[{"id":"1.150128767","rc":[{"ltp":1.94,"id":2411840}]}]}
{"op":"mcm","clk":"7803114652","pt":1540526992585,"mc":[{"id":"1.150128767","rc":[{"ltp":1.96,"id":2411840}]}]}
{"op":"mcm","clk":"7803183556","pt":1540528134701,"mc":[{"id":"1.150128767","rc":[{"ltp":2.08,"id":2923342}]}]}
{"op":"mcm","clk":"7803194702","pt":1540528421318,"mc":[{"id":"1.150128767","rc":[{"ltp":2.06,"id":2923342}]}]}
{"op":"mcm","clk":"7803232336","pt":1540528964048,"mc":[{"id":"1.150128767","rc":[{"ltp":2.02,"id":2923342}]}]}
{"op":"mcm","clk":"7803299759","pt":1540530548417,"mc":[{"id":"1.150128767","rc":[{"ltp":1.95,"id":2411840}]}]}
{"op":"mcm","clk":"7803375858","pt":1540531672425,"mc":[{"id":"1.150128767","rc":[{"ltp":1.96,"id":2411840},{"ltp":2.04,"id":2923342}]}]}
{"op":"mcm","clk":"7803377569","pt":1540531722272,"mc":[{"id":"1.150128767","rc":[{"ltp":1.95,"id":2411840}]}]}
{"op":"mcm","clk":"7803408064","pt":1540532436131,"mc":[{"id":"1.150128767","rc":[{"ltp":1.92,"id":2411840},{"ltp":2.06,"id":2923342}]}]}
{"op":"mcm","clk":"7803410975","pt":1540532522041,"mc":[{"id":"1.150128767","rc":[{"ltp":1.96,"id":2411840}]}]}
{"op":"mcm","clk":"7803432839","pt":1540532687226,"mc":[{"id":"1.150128767","rc":[{"ltp":1.92,"id":2411840}]}]}
{"op":"mcm","clk":"7803442310","pt":1540532936413,"mc":[{"id":"1.150128767","rc":[{"ltp":1.95,"id":2411840}]}]}
{"op":"mcm","clk":"7803446803","pt":1540533036200,"mc":[{"id":"1.150128767","rc":[{"ltp":1.92,"id":2411840},{"ltp":2.08,"id":2923342}]}]}
{"op":"mcm","clk":"7803489733","pt":1540533653699,"mc":[{"id":"1.150128767","rc":[{"ltp":1.94,"id":2411840}]}]}
{"op":"mcm","clk":"7803490306","pt":1540533664993,"mc":[{"id":"1.150128767","rc":[{"ltp":1.95,"id":2411840}]}]}
{"op":"mcm","clk":"7803496724","pt":1540533770376,"mc":[{"id":"1.150128767","rc":[{"ltp":2.06,"id":2923342}]}]}
{"op":"mcm","clk":"7803558488","pt":1540534702108,"mc":[{"id":"1.150128767","rc":[{"ltp":2.04,"id":2923342}]}]}
{"op":"mcm","clk":"7803607407","pt":1540535313640,"mc":[{"id":"1.150128767","rc":[{"ltp":1.92,"id":2411840},{"ltp":2.06,"id":2923342}]}]}
{"op":"mcm","clk":"7803677431","pt":1540536183773,"mc":[{"id":"1.150128767","rc":[{"ltp":1.95,"id":2411840}]}]}
{"op":"mcm","clk":"7803711569","pt":1540536868079,"mc":[{"id":"1.150128767","rc":[{"ltp":2.08,"id":2923342}]}]}
{"op":"mcm","clk":"7803714255","pt":1540536918296,"mc":[{"id":"1.150128767","rc":[{"ltp":2.06,"id":2923342}]}]}
{"op":"mcm","clk":"7803716922","pt":1540536969692,"mc":[{"id":"1.150128767","rc":[{"ltp":1.93,"id":2411840}]}]}
{"op":"mcm","clk":"7803768682","pt":1540537479200,"mc":[{"id":"1.150128767","rc":[{"ltp":1.94,"id":2411840}]}]}
{"op":"mcm","clk":"7803839855","pt":1540538197426,"mc":[{"id":"1.150128767","rc":[{"ltp":1.92,"id":2411840},{"ltp":2.08,"id":2923342}]}]}
{"op":"mcm","clk":"7803886338","pt":1540538802180,"mc":[{"id":"1.150128767","rc":[{"ltp":2.06,"id":2923342}]}]}
{"op":"mcm","clk":"7803913067","pt":1540538972851,"mc":[{"id":"1.150128767","rc":[{"ltp":2.1,"id":2923342},{"ltp":1.91,"id":2411840}]}]}
{"op":"mcm","clk":"7803938213","pt":1540539333525,"mc":[{"id":"1.150128767","rc":[{"ltp":1.93,"id":2411840}]}]}
{"op":"mcm","clk":"7803977703","pt":1540539734934,"mc":[{"id":"1.150128767","rc":[{"ltp":1.92,"id":2411840}]}]}
{"op":"mcm","clk":"7804021597","pt":1540540350882,"mc":[{"id":"1.150128767","rc":[{"ltp":2.06,"id":2923342}]}]}
{"op":"mcm","clk":"7804034750","pt":1540540527165,"mc":[{"id":"1.150128767","rc":[{"ltp":2.1,"id":2923342}]}]}
{"op":"mcm","clk":"7804116507","pt":1540541443522,"mc":[{"id":"1.150128767","rc":[{"ltp":2.08,"id":2923342}]}]}
{"op":"mcm","clk":"7804167184","pt":1540541857137,"mc":[{"id":"1.150128767","rc":[{"ltp":1.93,"id":2411840}]}]}
{"op":"mcm","clk":"7804177889","pt":1540541985153,"mc":[{"id":"1.150128767","rc":[{"ltp":1.92,"id":2411840}]}]}
{"op":"mcm","clk":"7804206337","pt":1540542339983,"mc":[{"id":"1.150128767","rc":[{"ltp":1.93,"id":2411840}]}]}
{"op":"mcm","clk":"7804273352","pt":1540542948099,"mc":[{"id":"1.150128767","rc":[{"ltp":2.06,"id":2923342},{"ltp":1.92,"id":2411840}]}]}
{"op":"mcm","clk":"7804278980","pt":1540543009019,"mc":[{"id":"1.150128767","rc":[{"ltp":2.08,"id":2923342},{"ltp":1.93,"id":2411840}]}]}
{"op":"mcm","clk":"7804307392","pt":1540543311414,"mc":[{"id":"1.150128767","rc":[{"ltp":2.06,"id":2923342},{"ltp":1.94,"id":2411840}]}]}
{"op":"mcm","clk":"7804353939","pt":1540543675380,"mc":[{"id":"1.150128767","rc":[{"ltp":2.04,"id":2923342},{"ltp":1.95,"id":2411840}]}]}
{"op":"mcm","clk":"7804377178","pt":1540543910937,"mc":[{"id":"1.150128767","rc":[{"ltp":1.96,"id":2411840}]}]}
{"op":"mcm","clk":"7804382930","pt":1540543969946,"mc":[{"id":"1.150128767","rc":[{"ltp":1.95,"id":2411840}]}]}
{"op":"mcm","clk":"7804387134","pt":1540544016498,"mc":[{"id":"1.150128767","rc":[{"ltp":2.06,"id":2923342}]}]}
{"op":"mcm","clk":"7804392761","pt":1540544073574,"mc":[{"id":"1.150128767","rc":[{"ltp":1.96,"id":2411840}]}]}
{"op":"mcm","clk":"7804407118","pt":1540544212738,"mc":[{"id":"1.150128767","rc":[{"ltp":2.04,"id":2923342}]}]}
{"op":"mcm","clk":"7804432469","pt":1540544333031,"mc":[{"id":"1.150128767","rc":[{"ltp":2.06,"id":2923342}]}]}
{"op":"mcm","clk":"7804437199","pt":1540544393185,"mc":[{"id":"1.150128767","rc":[{"ltp":1.95,"id":2411840}]}]}
{"op":"mcm","clk":"7804441426","pt":1540544446157,"mc":[{"id":"1.150128767","rc":[{"ltp":1.96,"id":2411840}]}]}
{"op":"mcm","clk":"7804445436","pt":1540544489987,"mc":[{"id":"1.150128767","rc":[{"ltp":2.04,"id":2923342}]}]}
{"op":"mcm","clk":"7804448610","pt":1540544522631,"mc":[{"id":"1.150128767","rc":[{"ltp":1.95,"id":2411840}]}]}
{"op":"mcm","clk":"7804458245","pt":1540544616949,"mc":[{"id":"1.150128767","rc":[{"ltp":1.96,"id":2411840}]}]}
{"op":"mcm","clk":"7804465290","pt":1540544692132,"mc":[{"id":"1.150128767","rc":[{"ltp":2.02,"id":2923342}]}]}
{"op":"mcm","clk":"7804471077","pt":1540544755345,"mc":[{"id":"1.150128767","rc":[{"ltp":2.04,"id":2923342}]}]}
{"op":"mcm","clk":"7804488461","pt":1540544934456,"mc":[{"id":"1.150128767","rc":[{"ltp":2.02,"id":2923342}]}]}
{"op":"mcm","clk":"7804493841","pt":1540544993000,"mc":[{"id":"1.150128767","rc":[{"ltp":1.98,"id":2411840}]}]}
{"op":"mcm","clk":"7804499319","pt":1540545053163,"mc":[{"id":"1.150128767","rc":[{"ltp":2.04,"id":2923342}]}]}
{"op":"mcm","clk":"7804502161","pt":1540545085959,"mc":[{"id":"1.150128767","rc":[{"ltp":2.0,"id":2923342}]}]}
{"op":"mcm","clk":"7804526255","pt":1540545175813,"mc":[{"id":"1.150128767","rc":[{"ltp":2.02,"id":2411840},{"ltp":1.98,"id":2923342}]}]}
{"op":"mcm","clk":"7804538751","pt":1540545294981,"mc":[{"id":"1.150128767","rc":[{"ltp":1.99,"id":2411840},{"ltp":2.0,"id":2923342}]}]}
{"op":"mcm","clk":"7804552752","pt":1540545413648,"mc":[{"id":"1.150128767","rc":[{"ltp":2.02,"id":2923342}]}]}
{"op":"mcm","clk":"7804559386","pt":1540545475270,"mc":[{"id":"1.150128767","rc":[{"ltp":2.0,"id":2923342}]}]}
{"op":"mcm","clk":"7804571532","pt":1540545594503,"mc":[{"id":"1.150128767","rc":[{"ltp":1.98,"id":2411840}]}]}
{"op":"mcm","clk":"7804581150","pt":1540545695133,"mc":[{"id":"1.150128767","rc":[{"ltp":2.02,"id":2923342}]}]}
{"op":"mcm","clk":"7804588875","pt":1540545772969,"mc":[{"id":"1.150128767","rc":[{"ltp":2.0,"id":2923342}]}]}
{"op":"mcm","clk":"7804594409","pt":1540545834540,"mc":[{"id":"1.150128767","rc":[{"ltp":2.0,"id":2411840}]}]}
{"op":"mcm","clk":"7804599549","pt":1540545889845,"mc":[{"id":"1.150128767","rc":[{"ltp":1.99,"id":2923342}]}]}
{"op":"mcm","clk":"7804605995","pt":1540545951260,"mc":[{"id":"1.150128767","rc":[{"ltp":1.99,"id":2411840},{"ltp":2.0,"id":2923342}]}]}
{"op":"mcm","clk":"7804635748","pt":1540546074896,"mc":[{"id":"1.150128767","rc":[{"ltp":1.98,"id":2411840}]}]}
{"op":"mcm","clk":"7804642488","pt":1540546133134,"mc":[{"id":"1.150128767","rc":[{"ltp":1.97,"id":2411840},{"ltp":2.02,"id":2923342}]}]}
{"op":"mcm","clk":"7804655548","pt":1540546255833,"mc":[{"id":"1.150128767","rc":[{"ltp":1.98,"id":2411840}]}]}
{"op":"mcm","clk":"7804669785","pt":1540546373892,"mc":[{"id":"1.150128767","rc":[{"ltp":2.0,"id":2411840},{"ltp":2.0,"id":2923342}]}]}
{"op":"mcm","clk":"7804683542","pt":1540546488952,"mc":[{"id":"1.150128767","rc":[{"ltp":2.02,"id":2411840}]}]}
{"op":"mcm","clk":"7804691457","pt":1540546555350,"mc":[{"id":"1.150128767","rc":[{"ltp":2.0,"id":2411840}]}]}
{"op":"mcm","clk":"7804697125","pt":1540546612546,"mc":[{"id":"1.150128767","rc":[{"ltp":2.02,"id":2411840},{"ltp":1.98,"id":2923342}]}]}
{"op":"mcm","clk":"7804703206","pt":1540546671164,"mc":[{"id":"1.150128767","rc":[{"ltp":1.97,"id":2923342}]}]}
{"op":"mcm","clk":"7804709323","pt":1540546735727,"mc":[{"id":"1.150128767","rc":[{"ltp":2.06,"id":2411840},{"ltp":1.94,"id":2923342}]}]}
{"op":"mcm","clk":"7804720694","pt":1540546848193,"mc":[{"id":"1.150128767","rc":[{"ltp":1.93,"id":2923342}]}]}
{"op":"mcm","clk":"7804728091","pt":1540546913509,"mc":[{"id":"1.150128767","rc":[{"ltp":2.04,"id":2411840},{"ltp":1.94,"id":2923342}]}]}
{"op":"mcm","clk":"7804754160","pt":1540547031343,"mc":[{"id":"1.150128767","rc":[{"ltp":2.06,"id":2411840}]}]}
{"op":"mcm","clk":"7804783357","pt":1540547322187,"mc":[{"id":"1.150128767","rc":[{"ltp":1.93,"id":2923342}]}]}
{"op":"mcm","clk":"7804796192","pt":1540547436251,"mc":[{"id":"1.150128767","rc":[{"ltp":1.94,"id":2923342}]}]}
{"op":"mcm","clk":"7804804693","pt":1540547514189,"mc":[{"id":"1.150128767","rc":[{"ltp":1.92,"id":2923342}]}]}
{"op":"mcm","clk":"7804815388","pt":1540547635825,"mc":[{"id":"1.150128767","rc":[{"ltp":2.12,"id":2411840}]}]}
{"op":"mcm","clk":"7804820239","pt":1540547688877,"mc":[{"id":"1.150128767","rc":[{"ltp":1.91,"id":2923342},{"ltp":2.06,"id":2411840}]}]}
{"op":"mcm","clk":"7804826391","pt":1540547754287,"mc":[{"id":"1.150128767","rc":[{"ltp":1.9,"id":2923342}]}]}
{"op":"mcm","clk":"7804830903","pt":1540547801362,"mc":[{"id":"1.150128767","rc":[{"ltp":1.91,"id":2923342}]}]}
{"op":"mcm","clk":"7804851569","pt":1540547859466,"mc":[{"id":"1.150128767","rc":[{"ltp":1.9,"id":2923342}]}]}
{"op":"mcm","clk":"7804857954","pt":1540547935800,"mc":[{"id":"1.150128767","rc":[{"ltp":1.91,"id":2923342}]}]}
{"op":"mcm","clk":"7804874000","pt":1540548113997,"mc":[{"id":"1.150128767","rc":[{"ltp":2.08,"id":2411840}]}]}
{"op":"mcm","clk":"7804880817","pt":1540548174593,"mc":[{"id":"1.150128767","rc":[{"ltp":1.88,"id":2923342},{"ltp":2.14,"id":2411840}]}]}
{"op":"mcm","clk":"7804887813","pt":1540548235734,"mc":[{"id":"1.150128767","rc":[{"ltp":1.87,"id":2923342},{"ltp":2.16,"id":2411840}]}]}
{"op":"mcm","clk":"7804894497","pt":1540548295404,"mc":[{"id":"1.150128767","rc":[{"ltp":1.85,"id":2923342}]}]}
{"op":"mcm","clk":"7804899260","pt":1540548337276,"mc":[{"id":"1.150128767","rc":[{"ltp":2.18,"id":2411840}]}]}
{"op":"mcm","clk":"7804907207","pt":1540548414714,"mc":[{"id":"1.150128767","rc":[{"ltp":1.86,"id":2923342},{"ltp":2.16,"id":2411840}]}]}
{"op":"mcm","clk":"7804920969","pt":1540548535760,"mc":[{"id":"1.150128767","rc":[{"ltp":1.85,"id":2923342}]}]}
{"op":"mcm","clk":"7804926650","pt":1540548594702,"mc":[{"id":"1.150128767","rc":[{"ltp":1.86,"id":2923342},{"ltp":2.14,"id":2411840}]}]}
{"op":"mcm","clk":"7804936969","pt":1540548655565,"mc":[{"id":"1.150128767","rc":[{"ltp":2.16,"id":2411840}]}]}
{"op":"mcm","clk":"7804963970","pt":1540548771867,"mc":[{"id":"1.150128767","rc":[{"ltp":2.14,"id":2411840},{"ltp":1.87,"id":2923342}]}]}
{"op":"mcm","clk":"7804969919","pt":1540548833987,"mc":[{"id":"1.150128767","rc":[{"ltp":2.12,"id":2411840}]}]}
{"op":"mcm","clk":"7804983605","pt":1540548950864,"mc":[{"id":"1.150128767","rc":[{"ltp":1.88,"id":2923342}]}]}
{"op":"mcm","clk":"7804991577","pt":1540549015073,"mc":[{"id":"1.150128767","rc":[{"ltp":1.89,"id":2923342}]}]}
{"op":"mcm","clk":"7805004766","pt":1540549128353,"mc":[{"id":"1.150128767","rc":[{"ltp":1.9,"id":2923342}]}]}
{"op":"mcm","clk":"7805011876","pt":1540549193921,"mc":[{"id":"1.150128767","rc":[{"ltp":1.88,"id":2923342}]}]}
{"op":"mcm","clk":"7805023985","pt":1540549297673,"mc":[{"id":"1.150128767","rc":[{"ltp":2.14,"id":2411840}]}]}
{"op":"mcm","clk":"7805058455","pt":1540549609457,"mc":[{"id":"1.150128767","rc":[{"ltp":2.12,"id":2411840}]}]}
{"op":"mcm","clk":"7805080146","pt":1540549675730,"mc":[{"id":"1.150128767","rc":[{"ltp":1.89,"id":2923342}]}]}
{"op":"mcm","clk":"7805086830","pt":1540549758499,"mc":[{"id":"1.150128767","rc":[{"ltp":1.88,"id":2923342}]}]}
{"op":"mcm","clk":"7805101270","pt":1540549913942,"mc":[{"id":"1.150128767","rc":[{"ltp":2.14,"id":2411840},{"ltp":1.86,"id":2923342}]}]}
{"op":"mcm","clk":"7805107505","pt":1540549973225,"mc":[{"id":"1.150128767","rc":[{"ltp":1.87,"id":2923342}]}]}
{"op":"mcm","clk":"7805119782","pt":1540550095426,"mc":[{"id":"1.150128767","rc":[{"ltp":2.16,"id":2411840},{"ltp":1.85,"id":2923342}]}]}
{"op":"mcm","clk":"7805125197","pt":1540550146337,"mc":[{"id":"1.150128767","rc":[{"ltp":1.86,"id":2923342}]}]}
{"op":"mcm","clk":"7805136233","pt":1540550252650,"mc":[{"id":"1.150128767","rc":[{"ltp":2.14,"id":2411840},{"ltp":1.87,"id":2923342}]}]}
{"op":"mcm","clk":"7805143374","pt":1540550324490,"mc":[{"id":"1.150128767","rc":[{"ltp":1.86,"id":2923342}]}]}
{"op":"mcm","clk":"7805154516","pt":1540550450166,"mc":[{"id":"1.150128767","rc":[{"ltp":1.87,"id":2923342}]}]}
{"op":"mcm","clk":"7805181368","pt":1540550575709,"mc":[{"id":"1.150128767","rc":[{"ltp":1.86,"id":2923342}]}]}
{"op":"mcm","clk":"7805191490","pt":1540550683894,"mc":[{"id":"1.150128767","rc":[{"ltp":1.85,"id":2923342}]}]}
{"op":"mcm","clk":"7805204285","pt":1540550815005,"mc":[{"id":"1.150128767","rc":[{"ltp":2.18,"id":2411840}]}]}
{"op":"mcm","clk":"7805226396","pt":1540551046905,"mc":[{"id":"1.150128767","rc":[{"ltp":2.16,"id":2411840},{"ltp":1.86,"id":2923342}]}]}
{"op":"mcm","clk":"7805232722","pt":1540551112578,"mc":[{"id":"1.150128767","rc":[{"ltp":1.85,"id":2923342}]}]}
{"op":"mcm","clk":"7805242876","pt":1540551225263,"mc":[{"id":"1.150128767","rc":[{"ltp":1.86,"id":2923342}]}]}
{"op":"mcm","clk":"7805252564","pt":1540551341758,"mc":[{"id":"1.150128767","rc":[{"ltp":1.85,"id":2923342}]}]}
{"op":"mcm","clk":"7805313394","pt":1540551895327,"mc":[{"id":"1.150128767","rc":[{"ltp":1.87,"id":2923342}]}]}
{"op":"mcm","clk":"7805319212","pt":1540551946357,"mc":[{"id":"1.150128767","rc":[{"ltp":1.86,"id":2923342}]}]}
{"op":"mcm","clk":"7805332340","pt":1540552075689,"mc":[{"id":"1.150128767","rc":[{"ltp":1.87,"id":2923342}]}]}
{"op":"mcm","clk":"7805335979","pt":1540552115397,"mc":[{"id":"1.150128767","rc":[{"ltp":1.86,"id":2923342}]}]}
{"op":"mcm","clk":"7805343500","pt":1540552194353,"mc":[{"id":"1.150128767","rc":[{"ltp":2.14,"id":2411840}]}]}
{"op":"mcm","clk":"7805349005","pt":1540552250014,"mc":[{"id":"1.150128767","rc":[{"ltp":1.85,"id":2923342}]}]}
{"op":"mcm","clk":"7805355591","pt":1540552313375,"mc":[{"id":"1.150128767","rc":[{"ltp":1.86,"id":2923342}]}]}
{"op":"mcm","clk":"7805377060","pt":1540552372995,"mc":[{"id":"1.150128767","rc":[{"ltp":1.85,"id":2923342}]}]}
{"op":"mcm","clk":"7805383400","pt":1540552430517,"mc":[{"id":"1.150128767","rc":[{"ltp":1.86,"id":2923342},{"ltp":2.16,"id":2411840}]}]}
{"op":"mcm","clk":"7805395884","pt":1540552545939,"mc":[{"id":"1.150128767","rc":[{"ltp":1.84,"id":2923342}]}]}
{"op":"mcm","clk":"7805403732","pt":1540552613460,"mc":[{"id":"1.150128767","rc":[{"ltp":1.85,"id":2923342}]}]}
{"op":"mcm","clk":"7805410575","pt":1540552668447,"mc":[{"id":"1.150128767","rc":[{"ltp":1.84,"id":2923342}]}]}
{"op":"mcm","clk":"7805417515","pt":1540552735232,"mc":[{"id":"1.150128767","rc":[{"ltp":2.18,"id":2411840}]}]}
{"op":"mcm","clk":"7805436619","pt":1540552908633,"mc":[{"id":"1.150128767","rc":[{"ltp":1.85,"id":2923342},{"ltp":2.16,"id":2411840}]}]}
{"op":"mcm","clk":"7805442609","pt":1540552970889,"mc":[{"id":"1.150128767","rc":[{"ltp":2.18,"id":2411840}]}]}
{"op":"mcm","clk":"7805450140","pt":1540553035135,"mc":[{"id":"1.150128767","marketDefinition":{"bspMarket":false,"turnInPlayEnabled":true,"persistenceEnabled":true,"marketBaseRate":5.0,"eventId":"28973978","eventTypeId":"2","numberOfWinners":1,"bettingType":"ODDS","marketType":"MATCH_ODDS","marketTime":"2018-10-26T11:20:00.000Z","suspendTime":"2018-10-26T11:20:00.000Z","bspReconciled":false,"complete":true,"inPlay":false,"crossMatching":true,"runnersVoidable":false,"numberOfActiveRunners":2,"betDelay":0,"status":"OPEN","runners":[{"status":"ACTIVE","sortPriority":1,"id":2411840,"name":"Angelique Kerber"},{"status":"ACTIVE","sortPriority":2,"id":2923342,"name":"Sloane Stephens"}],"regulators":["MR_INT"],"countryCode":"SG","discountAllowed":true,"timezone":"UTC","openDate":"2018-10-26T11:20:00.000Z","version":2476008607,"name":"Match Odds","eventName":"Kerber v Stephens"},"rc":[{"ltp":1.87,"id":2923342},{"ltp":2.16,"id":2411840}]}]}
{"op":"mcm","clk":"7805457048","pt":1540553095280,"mc":[{"id":"1.150128767","rc":[{"ltp":1.86,"id":2923342}]}]}
{"op":"mcm","clk":"7805463855","pt":1540553151549,"mc":[{"id":"1.150128767","rc":[{"ltp":1.85,"id":2923342},{"ltp":2.18,"id":2411840}]}]}
{"op":"mcm","clk":"7805470224","pt":1540553210082,"mc":[{"id":"1.150128767","rc":[{"ltp":2.16,"id":2411840}]}]}
{"op":"mcm","clk":"7805497538","pt":1540553335814,"mc":[{"id":"1.150128767","rc":[{"ltp":2.18,"id":2411840}]}]}
{"op":"mcm","clk":"7805516056","pt":1540553515195,"mc":[{"id":"1.150128767","rc":[{"ltp":2.16,"id":2411840},{"ltp":1.86,"id":2923342}]}]}
{"op":"mcm","clk":"7805521794","pt":1540553572442,"mc":[{"id":"1.150128767","rc":[{"ltp":2.18,"id":2411840}]}]}
{"op":"mcm","clk":"7805526907","pt":1540553635236,"mc":[{"id":"1.150128767","rc":[{"ltp":2.16,"id":2411840}]}]}
{"op":"mcm","clk":"7805532306","pt":1540553695713,"mc":[{"id":"1.150128767","rc":[{"ltp":1.85,"id":2923342}]}]}
{"op":"mcm","clk":"7805537838","pt":1540553755432,"mc":[{"id":"1.150128767","rc":[{"ltp":1.84,"id":2923342}]}]}
{"op":"mcm","clk":"7805542484","pt":1540553815037,"mc":[{"id":"1.150128767","rc":[{"ltp":1.85,"id":2923342}]}]}
{"op":"mcm","clk":"7805547492","pt":1540553873723,"mc":[{"id":"1.150128767","rc":[{"ltp":1.86,"id":2923342}]}]}
{"op":"mcm","clk":"7805553100","pt":1540553935512,"mc":[{"id":"1.150128767","rc":[{"ltp":1.85,"id":2923342}]}]}
{"op":"mcm","clk":"7805558820","pt":1540553995787,"mc":[{"id":"1.150128767","rc":[{"ltp":1.86,"id":2923342}]}]}
{"op":"mcm","clk":"7805565012","pt":1540554055181,"mc":[{"id":"1.150128767","rc":[{"ltp":2.14,"id":2411840},{"ltp":1.87,"id":2923342}]}]}
{"op":"mcm","clk":"7805571632","pt":1540554115858,"mc":[{"id":"1.150128767","marketDefinition":{"bspMarket":false,"turnInPlayEnabled":true,"persistenceEnabled":true,"marketBaseRate":5.0,"eventId":"28973978","eventTypeId":"2","numberOfWinners":1,"bettingType":"ODDS","marketType":"MATCH_ODDS","marketTime":"2018-10-26T11:20:00.000Z","suspendTime":"2018-10-26T11:20:00.000Z","bspReconciled":false,"complete":true,"inPlay":true,"crossMatching":true,"runnersVoidable":false,"numberOfActiveRunners":2,"betDelay":5,"status":"OPEN","runners":[{"status":"ACTIVE","sortPriority":1,"id":2411840,"name":"Angelique Kerber"},{"status":"ACTIVE","sortPriority":2,"id":2923342,"name":"Sloane Stephens"}],"regulators":["MR_INT"],"countryCode":"SG","discountAllowed":true,"timezone":"UTC","openDate":"2018-10-26T11:20:00.000Z","version":2476036769,"name":"Match Odds","eventName":"Kerber v Stephens"},"rc":[{"ltp":2.08,"id":2411840},{"ltp":1.91,"id":2923342}]}]}
{"op":"mcm","clk":"7805592500","pt":1540554175210,"mc":[{"id":"1.150128767","rc":[{"ltp":1.95,"id":2923342},{"ltp":2.06,"id":2411840}]}]}
{"op":"mcm","clk":"7805598655","pt":1540554235818,"mc":[{"id":"1.150128767","rc":[{"ltp":1.97,"id":2923342},{"ltp":2.02,"id":2411840}]}]}
{"op":"mcm","clk":"7805604389","pt":1540554295318,"mc":[{"id":"1.150128767","rc":[{"ltp":1.94,"id":2923342},{"ltp":2.04,"id":2411840}]}]}
{"op":"mcm","clk":"7805610511","pt":1540554355862,"mc":[{"id":"1.150128767","rc":[{"ltp":2.06,"id":2923342},{"ltp":1.97,"id":2411840}]}]}
{"op":"mcm","clk":"7805615822","pt":1540554415361,"mc":[{"id":"1.150128767","rc":[{"ltp":2.16,"id":2923342},{"ltp":1.87,"id":2411840}]}]}
{"op":"mcm","clk":"7805621580","pt":1540554475789,"mc":[{"id":"1.150128767","rc":[{"ltp":1.86,"id":2411840}]}]}
{"op":"mcm","clk":"7805626837","pt":1540554535844,"mc":[{"id":"1.150128767","rc":[{"ltp":2.42,"id":2923342},{"ltp":1.7,"id":2411840}]}]}
{"op":"mcm","clk":"7805632115","pt":1540554595843,"mc":[{"id":"1.150128767","rc":[{"ltp":2.08,"id":2923342},{"ltp":1.94,"id":2411840}]}]}
{"op":"mcm","clk":"7805637457","pt":1540554655647,"mc":[{"id":"1.150128767","rc":[{"ltp":1.85,"id":2923342},{"ltp":2.16,"id":2411840}]}]}
{"op":"mcm","clk":"7805643262","pt":1540554715101,"mc":[{"id":"1.150128767","rc":[{"ltp":1.92,"id":2923342},{"ltp":2.08,"id":2411840}]}]}
{"op":"mcm","clk":"7805649430","pt":1540554775816,"mc":[{"id":"1.150128767","rc":[{"ltp":2.06,"id":2923342},{"ltp":1.92,"id":2411840}]}]}
{"op":"mcm","clk":"7805655448","pt":1540554835595,"mc":[{"id":"1.150128767","rc":[{"ltp":2.1,"id":2923342},{"ltp":1.9,"id":2411840}]}]}
{"op":"mcm","clk":"7805661272","pt":1540554895289,"mc":[{"id":"1.150128767","rc":[{"ltp":2.16,"id":2923342},{"ltp":1.86,"id":2411840}]}]}
{"op":"mcm","clk":"7805671702","pt":1540555015760,"mc":[{"id":"1.150128767","rc":[{"ltp":2.18,"id":2923342},{"ltp":1.85,"id":2411840}]}]}
{"op":"mcm","clk":"7805692447","pt":1540555075601,"mc":[{"id":"1.150128767","rc":[{"ltp":2.22,"id":2923342}]}]}
{"op":"mcm","clk":"7805698569","pt":1540555135137,"mc":[{"id":"1.150128767","rc":[{"ltp":1.73,"id":2411840},{"ltp":2.42,"id":2923342}]}]}
{"op":"mcm","clk":"7805704553","pt":1540555195766,"mc":[{"id":"1.150128767","rc":[{"ltp":1.68,"id":2411840},{"ltp":2.46,"id":2923342}]}]}
{"op":"mcm","clk":"7805711134","pt":1540555255689,"mc":[{"id":"1.150128767","rc":[{"ltp":1.81,"id":2411840},{"ltp":2.2,"id":2923342}]}]}
{"op":"mcm","clk":"7805718290","pt":1540555315860,"mc":[{"id":"1.150128767","rc":[{"ltp":1.67,"id":2411840},{"ltp":2.48,"id":2923342}]}]}
{"op":"mcm","clk":"7805725807","pt":1540555375778,"mc":[{"id":"1.150128767","rc":[{"ltp":1.91,"id":2411840},{"ltp":2.1,"id":2923342}]}]}
{"op":"mcm","clk":"7805732711","pt":1540555435422,"mc":[{"id":"1.150128767","rc":[{"ltp":2.16,"id":2411840},{"ltp":1.87,"id":2923342}]}]}
{"op":"mcm","clk":"7805739353","pt":1540555495728,"mc":[{"id":"1.150128767","rc":[{"ltp":2.28,"id":2411840},{"ltp":1.8,"id":2923342}]}]}
{"op":"mcm","clk":"7805747353","pt":1540555555501,"mc":[{"id":"1.150128767","rc":[{"ltp":2.58,"id":2411840},{"ltp":1.64,"id":2923342}]}]}
{"op":"mcm","clk":"7805754972","pt":1540555615689,"mc":[{"id":"1.150128767","rc":[{"ltp":2.8,"id":2411840},{"ltp":1.55,"id":2923342}]}]}
{"op":"mcm","clk":"7805762969","pt":1540555675624,"mc":[{"id":"1.150128767","rc":[{"ltp":2.82,"id":2411840}]}]}
{"op":"mcm","clk":"7805769887","pt":1540555735324,"mc":[{"id":"1.150128767","rc":[{"ltp":2.6,"id":2411840},{"ltp":1.62,"id":2923342}]}]}
{"op":"mcm","clk":"7805777650","pt":1540555795648,"mc":[{"id":"1.150128767","rc":[{"ltp":3.0,"id":2411840},{"ltp":1.5,"id":2923342}]}]}
{"op":"mcm","clk":"7805793475","pt":1540555915811,"mc":[{"id":"1.150128767","rc":[{"ltp":2.42,"id":2411840},{"ltp":1.7,"id":2923342}]}]}
{"op":"mcm","clk":"7805815909","pt":1540555975607,"mc":[{"id":"1.150128767","rc":[{"ltp":1.6,"id":2923342},{"ltp":2.66,"id":2411840}]}]}
{"op":"mcm","clk":"7805823060","pt":1540556035626,"mc":[{"id":"1.150128767","rc":[{"ltp":1.63,"id":2923342},{"ltp":2.58,"id":2411840}]}]}
{"op":"mcm","clk":"7805829570","pt":1540556095645,"mc":[{"id":"1.150128767","rc":[{"ltp":1.62,"id":2923342},{"ltp":2.62,"id":2411840}]}]}
{"op":"mcm","clk":"7805836488","pt":1540556155789,"mc":[{"id":"1.150128767","rc":[{"ltp":1.44,"id":2923342},{"ltp":3.3,"id":2411840}]}]}
{"op":"mcm","clk":"7805843742","pt":1540556215548,"mc":[{"id":"1.150128767","rc":[{"ltp":1.38,"id":2923342},{"ltp":3.55,"id":2411840}]}]}
{"op":"mcm","clk":"7805851448","pt":1540556275818,"mc":[{"id":"1.150128767","rc":[{"ltp":1.29,"id":2923342},{"ltp":4.4,"id":2411840}]}]}
{"op":"mcm","clk":"7805858665","pt":1540556335402,"mc":[{"id":"1.150128767","rc":[{"ltp":1.27,"id":2923342},{"ltp":4.8,"id":2411840}]}]}
{"op":"mcm","clk":"7805865867","pt":1540556395725,"mc":[{"id":"1.150128767","rc":[{"ltp":1.25,"id":2923342},{"ltp":4.9,"id":2411840}]}]}
{"op":"mcm","clk":"7805873538","pt":1540556455797,"mc":[{"id":"1.150128767","rc":[{"ltp":1.26,"id":2923342},{"ltp":4.5,"id":2411840}]}]}
{"op":"mcm","clk":"7805881630","pt":1540556515822,"mc":[{"id":"1.150128767","rc":[{"ltp":1.23,"id":2923342},{"ltp":5.3,"id":2411840}]}]}
{"op":"mcm","clk":"7805889119","pt":1540556575769,"mc":[{"id":"1.150128767","rc":[{"ltp":1.27,"id":2923342},{"ltp":4.7,"id":2411840}]}]}
{"op":"mcm","clk":"7805896316","pt":1540556635424,"mc":[{"id":"1.150128767","rc":[{"ltp":1.26,"id":2923342}]}]}
{"op":"mcm","clk":"7805903854","pt":1540556695710,"mc":[{"id":"1.150128767","rc":[{"ltp":1.35,"id":2923342},{"ltp":3.9,"id":2411840}]}]}
{"op":"mcm","clk":"7805910744","pt":1540556755790,"mc":[{"id":"1.150128767","rc":[{"ltp":1.29,"id":2923342},{"ltp":4.5,"id":2411840}]}]}
{"op":"mcm","clk":"7805917289","pt":1540556815763,"mc":[{"id":"1.150128767","rc":[{"ltp":1.28,"id":2923342},{"ltp":4.6,"id":2411840}]}]}
{"op":"mcm","clk":"7805939664","pt":1540556875264,"mc":[{"id":"1.150128767","rc":[{"ltp":1.24,"id":2923342},{"ltp":5.3,"id":2411840}]}]}
{"op":"mcm","clk":"7805946616","pt":1540556935381,"mc":[{"id":"1.150128767","rc":[{"ltp":1.25,"id":2923342},{"ltp":5.0,"id":2411840}]}]}
{"op":"mcm","clk":"7805952774","pt":1540556995662,"mc":[{"id":"1.150128767","rc":[{"ltp":1.3,"id":2923342},{"ltp":4.6,"id":2411840}]}]}
{"op":"mcm","clk":"7805959031","pt":1540557055191,"mc":[{"id":"1.150128767","rc":[{"ltp":1.27,"id":2923342},{"ltp":4.7,"id":2411840}]}]}
{"op":"mcm","clk":"7805965978","pt":1540557115731,"mc":[{"id":"1.150128767","rc":[{"ltp":1.2,"id":2923342},{"ltp":6.4,"id":2411840}]}]}
{"op":"mcm","clk":"7805972549","pt":1540557175756,"mc":[{"id":"1.150128767","rc":[{"ltp":1.17,"id":2923342},{"ltp":6.8,"id":2411840}]}]}
{"op":"mcm","clk":"7805979761","pt":1540557235726,"mc":[{"id":"1.150128767","rc":[{"ltp":1.18,"id":2923342},{"ltp":6.4,"id":2411840}]}]}
{"op":"mcm","clk":"7805986808","pt":1540557295703,"mc":[{"id":"1.150128767","rc":[{"ltp":1.21,"id":2923342},{"ltp":5.8,"id":2411840}]}]}
{"op":"mcm","clk":"7805994689","pt":1540557355785,"mc":[{"id":"1.150128767","rc":[{"ltp":1.2,"id":2923342},{"ltp":6.0,"id":2411840}]}]}
{"op":"mcm","clk":"7806002474","pt":1540557415618,"mc":[{"id":"1.150128767","rc":[{"ltp":1.15,"id":2923342},{"ltp":7.2,"id":2411840}]}]}
{"op":"mcm","clk":"7806009591","pt":1540557475739,"mc":[{"id":"1.150128767","rc":[{"ltp":1.21,"id":2923342},{"ltp":6.4,"id":2411840}]}]}
{"op":"mcm","clk":"7806015608","pt":1540557535826,"mc":[{"id":"1.150128767","rc":[{"ltp":1.25,"id":2923342},{"ltp":5.1,"id":2411840}]}]}
{"op":"mcm","clk":"7806022081","pt":1540557594896,"mc":[{"id":"1.150128767","rc":[{"ltp":4.8,"id":2411840}]}]}
{"op":"mcm","clk":"7806029592","pt":1540557655479,"mc":[{"id":"1.150128767","rc":[{"ltp":1.34,"id":2923342},{"ltp":3.9,"id":2411840}]}]}
{"op":"mcm","clk":"7806036870","pt":1540557715216,"mc":[{"id":"1.150128767","rc":[{"ltp":1.28,"id":2923342},{"ltp":4.5,"id":2411840}]}]}
{"op":"mcm","clk":"7806058811","pt":1540557775775,"mc":[{"id":"1.150128767","rc":[{"ltp":1.3,"id":2923342},{"ltp":4.6,"id":2411840}]}]}
{"op":"mcm","clk":"7806066508","pt":1540557835507,"mc":[{"id":"1.150128767","rc":[{"ltp":1.29,"id":2923342},{"ltp":4.5,"id":2411840}]}]}
{"op":"mcm","clk":"7806072896","pt":1540557895695,"mc":[{"id":"1.150128767","rc":[{"ltp":1.25,"id":2923342},{"ltp":5.1,"id":2411840}]}]}
{"op":"mcm","clk":"7806079620","pt":1540557955796,"mc":[{"id":"1.150128767","rc":[{"ltp":1.2,"id":2923342},{"ltp":6.0,"id":2411840}]}]}
{"op":"mcm","clk":"7806086400","pt":1540558015211,"mc":[{"id":"1.150128767","rc":[{"ltp":1.21,"id":2923342}]}]}
{"op":"mcm","clk":"7806093179","pt":1540558075278,"mc":[{"id":"1.150128767","rc":[{"ltp":1.2,"id":2923342},{"ltp":5.9,"id":2411840}]}]}
{"op":"mcm","clk":"7806106718","pt":1540558195581,"mc":[{"id":"1.150128767","rc":[{"ltp":1.15,"id":2923342},{"ltp":7.2,"id":2411840}]}]}
{"op":"mcm","clk":"7806113948","pt":1540558255107,"mc":[{"id":"1.150128767","rc":[{"ltp":1.25,"id":2923342},{"ltp":4.9,"id":2411840}]}]}
{"op":"mcm","clk":"7806121733","pt":1540558315823,"mc":[{"id":"1.150128767","rc":[{"ltp":1.16,"id":2923342},{"ltp":7.2,"id":2411840}]}]}
{"op":"mcm","clk":"7806131217","pt":1540558374550,"mc":[{"id":"1.150128767","rc":[{"ltp":1.21,"id":2923342},{"ltp":5.8,"id":2411840}]}]}
{"op":"mcm","clk":"7806138036","pt":1540558435675,"mc":[{"id":"1.150128767","rc":[{"ltp":1.19,"id":2923342},{"ltp":6.0,"id":2411840}]}]}
{"op":"mcm","clk":"7806145502","pt":1540558495784,"mc":[{"id":"1.150128767","rc":[{"ltp":1.24,"id":2923342},{"ltp":5.0,"id":2411840}]}]}
{"op":"mcm","clk":"7806154132","pt":1540558555780,"mc":[{"id":"1.150128767","rc":[{"ltp":1.15,"id":2923342},{"ltp":7.8,"id":2411840}]}]}
{"op":"mcm","clk":"7806162672","pt":1540558615821,"mc":[{"id":"1.150128767","rc":[{"ltp":1.18,"id":2923342},{"ltp":6.2,"id":2411840}]}]}
{"op":"mcm","clk":"7806185108","pt":1540558675666,"mc":[{"id":"1.150128767","rc":[{"ltp":1.15,"id":2923342},{"ltp":7.6,"id":2411840}]}]}
{"op":"mcm","clk":"7806192353","pt":1540558735732,"mc":[{"id":"1.150128767","rc":[{"ltp":1.07,"id":2923342},{"ltp":15.0,"id":2411840}]}]}
{"op":"mcm","clk":"7806199606","pt":1540558795669,"mc":[{"id":"1.150128767","rc":[{"ltp":1.05,"id":2923342},{"ltp":21.0,"id":2411840}]}]}
{"op":"mcm","clk":"7806206693","pt":1540558854879,"mc":[{"id":"1.150128767","rc":[{"ltp":18.0,"id":2411840}]}]}
{"op":"mcm","clk":"7806214540","pt":1540558915703,"mc":[{"id":"1.150128767","rc":[{"ltp":1.12,"id":2923342},{"ltp":9.0,"id":2411840}]}]}
{"op":"mcm","clk":"7806222361","pt":1540558975797,"mc":[{"id":"1.150128767","rc":[{"ltp":8.6,"id":2411840}]}]}
{"op":"mcm","clk":"7806230669","pt":1540559035769,"mc":[{"id":"1.150128767","rc":[{"ltp":1.19,"id":2923342},{"ltp":6.4,"id":2411840}]}]}
{"op":"mcm","clk":"7806240120","pt":1540559095459,"mc":[{"id":"1.150128767","rc":[{"ltp":1.2,"id":2923342},{"ltp":6.2,"id":2411840}]}]}
{"op":"mcm","clk":"7806247859","pt":1540559155539,"mc":[{"id":"1.150128767","rc":[{"ltp":1.15,"id":2923342},{"ltp":7.4,"id":2411840}]}]}
{"op":"mcm","clk":"7806256102","pt":1540559215842,"mc":[{"id":"1.150128767","rc":[{"ltp":1.12,"id":2923342},{"ltp":9.4,"id":2411840}]}]}
{"op":"mcm","clk":"7806264415","pt":1540559275754,"mc":[{"id":"1.150128767","rc":[{"ltp":1.16,"id":2923342},{"ltp":7.8,"id":2411840}]}]}
{"op":"mcm","clk":"7806273230","pt":1540559335829,"mc":[{"id":"1.150128767","rc":[{"ltp":1.25,"id":2923342},{"ltp":5.0,"id":2411840}]}]}
{"op":"mcm","clk":"7806282429","pt":1540559395819,"mc":[{"id":"1.150128767","rc":[{"ltp":1.36,"id":2923342},{"ltp":3.8,"id":2411840}]}]}
{"op":"mcm","clk":"7806291807","pt":1540559455640,"mc":[{"id":"1.150128767","rc":[{"ltp":1.31,"id":2923342},{"ltp":4.1,"id":2411840}]}]}
{"op":"mcm","clk":"7806301129","pt":1540559515810,"mc":[{"id":"1.150128767","rc":[{"ltp":1.34,"id":2923342},{"ltp":3.9,"id":2411840}]}]}
{"op":"mcm","clk":"7806324830","pt":1540559575776,"mc":[{"id":"1.150128767","rc":[{"ltp":1.19,"id":2923342},{"ltp":6.0,"id":2411840}]}]}
{"op":"mcm","clk":"7806333063","pt":1540559635657,"mc":[{"id":"1.150128767","rc":[{"ltp":6.4,"id":2411840}]}]}
{"op":"mcm","clk":"7806341222","pt":1540559695425,"mc":[{"id":"1.150128767","rc":[{"ltp":1.17,"id":2923342}]}]}
{"op":"mcm","clk":"7806349833","pt":1540559755776,"mc":[{"id":"1.150128767","rc":[{"ltp":1.1,"id":2923342},{"ltp":11.0,"id":2411840}]}]}
{"op":"mcm","clk":"7806357626","pt":1540559815553,"mc":[{"id":"1.150128767","rc":[{"ltp":1.07,"id":2923342},{"ltp":14.5,"id":2411840}]}]}
{"op":"mcm","clk":"7806366178","pt":1540559875765,"mc":[{"id":"1.150128767","rc":[{"ltp":1.17,"id":2923342},{"ltp":6.8,"id":2411840}]}]}
{"op":"mcm","clk":"7806375106","pt":1540559935829,"mc":[{"id":"1.150128767","rc":[{"ltp":1.23,"id":2923342},{"ltp":5.3,"id":2411840}]}]}
{"op":"mcm","clk":"7806384034","pt":1540559995861,"mc":[{"id":"1.150128767","rc":[{"ltp":1.18,"id":2923342},{"ltp":6.6,"id":2411840}]}]}
{"op":"mcm","clk":"7806392380","pt":1540560055835,"mc":[{"id":"1.150128767","rc":[{"ltp":1.05,"id":2923342},{"ltp":21.0,"id":2411840}]}]}
{"op":"mcm","clk":"7806400659","pt":1540560115586,"mc":[{"id":"1.150128767","rc":[{"ltp":1.02,"id":2923342},{"ltp":50.0,"id":2411840}]}]}
{"op":"mcm","clk":"7806405451","pt":1540560150120,"mc":[{"id":"1.150128767","marketDefinition":{"bspMarket":false,"turnInPlayEnabled":true,"persistenceEnabled":true,"marketBaseRate":5.0,"eventId":"28973978","eventTypeId":"2","numberOfWinners":1,"bettingType":"ODDS","marketType":"MATCH_ODDS","marketTime":"2018-10-26T11:20:00.000Z","suspendTime":"2018-10-26T11:20:00.000Z","bspReconciled":false,"complete":true,"inPlay":true,"crossMatching":true,"runnersVoidable":false,"numberOfActiveRunners":2,"betDelay":5,"status":"SUSPENDED","runners":[{"status":"ACTIVE","sortPriority":1,"id":2411840,"name":"Angelique Kerber"},{"status":"ACTIVE","sortPriority":2,"id":2923342,"name":"Sloane Stephens"}],"regulators":["MR_INT"],"countryCode":"SG","discountAllowed":true,"timezone":"UTC","openDate":"2018-10-26T11:20:00.000Z","version":2476163234,"name":"Match Odds","eventName":"Kerber v Stephens"},"rc":[{"ltp":1.01,"id":2923342},{"ltp":100.0,"id":2411840}]}]}
{"op":"mcm","clk":"7806415937","pt":1540560232798,"mc":[{"id":"1.150128767","marketDefinition":{"bspMarket":false,"turnInPlayEnabled":true,"persistenceEnabled":true,"marketBaseRate":5.0,"eventId":"28973978","eventTypeId":"2","numberOfWinners":1,"bettingType":"ODDS","marketType":"MATCH_ODDS","marketTime":"2018-10-26T11:20:00.000Z","suspendTime":"2018-10-26T11:20:00.000Z","bspReconciled":false,"complete":true,"inPlay":true,"crossMatching":false,"runnersVoidable":false,"numberOfActiveRunners":0,"betDelay":5,"status":"CLOSED","settledTime":"2018-10-26T13:23:01.000Z","runners":[{"status":"LOSER","sortPriority":1,"id":2411840,"name":"Angelique Kerber"},{"status":"WINNER","sortPriority":2,"id":2923342,"name":"Sloane Stephens"}],"regulators":["MR_INT"],"countryCode":"SG","discountAllowed":true,"timezone":"UTC","openDate":"2018-10-26T11:20:00.000Z","version":2476164806,"name":"Match Odds","eventName":"Kerber v Stephens"}}]}
